%YAML 1.1
%TAG !u! tag:unity3d.com,2011:
--- !u!1 &7077109789857415458
GameObject:
  m_ObjectHideFlags: 0
  m_CorrespondingSourceObject: {fileID: 0}
  m_PrefabInstance: {fileID: 0}
  m_PrefabAsset: {fileID: 0}
  serializedVersion: 6
  m_Component:
  - component: {fileID: 7077109789857415461}
  - component: {fileID: 7077109789857415459}
  - component: {fileID: 7077109789857415460}
  m_Layer: 15
  m_Name: Hook
  m_TagString: Untagged
  m_Icon: {fileID: 0}
  m_NavMeshLayer: 0
  m_StaticEditorFlags: 0
  m_IsActive: 1
--- !u!4 &7077109789857415461
Transform:
  m_ObjectHideFlags: 0
  m_CorrespondingSourceObject: {fileID: 0}
  m_PrefabInstance: {fileID: 0}
  m_PrefabAsset: {fileID: 0}
  m_GameObject: {fileID: 7077109789857415458}
  m_LocalRotation: {x: 0, y: 0, z: -0.67356396, w: 0.739129}
  m_LocalPosition: {x: 0.026, y: 1.393, z: 0}
  m_LocalScale: {x: 1, y: 1, z: 1}
  m_Children: []
  m_Father: {fileID: 7077109791624598328}
  m_RootOrder: 0
  m_LocalEulerAnglesHint: {x: 0, y: 0, z: 0}
--- !u!50 &7077109789857415459
Rigidbody2D:
  serializedVersion: 4
  m_ObjectHideFlags: 0
  m_CorrespondingSourceObject: {fileID: 0}
  m_PrefabInstance: {fileID: 0}
  m_PrefabAsset: {fileID: 0}
  m_GameObject: {fileID: 7077109789857415458}
  m_BodyType: 0
  m_Simulated: 1
  m_UseFullKinematicContacts: 0
  m_UseAutoMass: 0
  m_Mass: 1
  m_LinearDrag: 0
  m_AngularDrag: 0.05
  m_GravityScale: 1
  m_Material: {fileID: 0}
  m_Interpolate: 0
  m_SleepingMode: 1
  m_CollisionDetection: 0
  m_Constraints: 4
--- !u!233 &7077109789857415460
HingeJoint2D:
  m_ObjectHideFlags: 0
  m_CorrespondingSourceObject: {fileID: 0}
  m_PrefabInstance: {fileID: 0}
  m_PrefabAsset: {fileID: 0}
  m_GameObject: {fileID: 7077109789857415458}
  m_Enabled: 1
  serializedVersion: 4
  m_EnableCollision: 0
  m_ConnectedRigidBody: {fileID: 0}
  m_BreakForce: Infinity
  m_BreakTorque: Infinity
  m_AutoConfigureConnectedAnchor: 1
  m_Anchor: {x: 2.8661666, y: 0.40903467}
  m_ConnectedAnchor: {x: 510.87238, y: 3.6223726}
  m_UseMotor: 0
  m_Motor:
    m_MotorSpeed: 0
    m_MaximumMotorForce: 10000
  m_UseLimits: 0
  m_AngleLimits:
    m_LowerAngle: 0
    m_UpperAngle: 359
--- !u!1 &7077109790213802032
GameObject:
  m_ObjectHideFlags: 0
  m_CorrespondingSourceObject: {fileID: 0}
  m_PrefabInstance: {fileID: 0}
  m_PrefabAsset: {fileID: 0}
  serializedVersion: 6
  m_Component:
  - component: {fileID: 7077109790213802038}
  - component: {fileID: 7077109790213802033}
  - component: {fileID: 7077109790213802037}
  - component: {fileID: 7077109790213802036}
  - component: {fileID: 7077109790213802035}
  m_Layer: 0
  m_Name: bone_2
  m_TagString: Rope
  m_Icon: {fileID: 0}
  m_NavMeshLayer: 0
  m_StaticEditorFlags: 0
  m_IsActive: 1
--- !u!4 &7077109790213802038
Transform:
  m_ObjectHideFlags: 0
  m_CorrespondingSourceObject: {fileID: 0}
  m_PrefabInstance: {fileID: 0}
  m_PrefabAsset: {fileID: 0}
  m_GameObject: {fileID: 7077109790213802032}
  m_LocalRotation: {x: 0, y: 0, z: -0.7193398, w: 0.69465846}
  m_LocalPosition: {x: 0.053424515, y: 0.52162814, z: 0}
  m_LocalScale: {x: 1, y: 1, z: 1}
  m_Children: []
  m_Father: {fileID: 7077109791624598328}
  m_RootOrder: 2
  m_LocalEulerAnglesHint: {x: 0, y: 0, z: -92}
--- !u!50 &7077109790213802033
Rigidbody2D:
  serializedVersion: 4
  m_ObjectHideFlags: 0
  m_CorrespondingSourceObject: {fileID: 0}
  m_PrefabInstance: {fileID: 0}
  m_PrefabAsset: {fileID: 0}
  m_GameObject: {fileID: 7077109790213802032}
  m_BodyType: 0
  m_Simulated: 1
  m_UseFullKinematicContacts: 0
  m_UseAutoMass: 0
  m_Mass: 1
  m_LinearDrag: 0
  m_AngularDrag: 0.05
  m_GravityScale: 1
  m_Material: {fileID: 0}
  m_Interpolate: 0
  m_SleepingMode: 1
  m_CollisionDetection: 0
  m_Constraints: 0
--- !u!233 &7077109790213802037
HingeJoint2D:
  m_ObjectHideFlags: 0
  m_CorrespondingSourceObject: {fileID: 0}
  m_PrefabInstance: {fileID: 0}
  m_PrefabAsset: {fileID: 0}
  m_GameObject: {fileID: 7077109790213802032}
  m_Enabled: 1
  serializedVersion: 4
  m_EnableCollision: 0
  m_ConnectedRigidBody: {fileID: 7077109791124512398}
  m_BreakForce: Infinity
  m_BreakTorque: Infinity
  m_AutoConfigureConnectedAnchor: 1
  m_Anchor: {x: -0.0014642847, y: -0.00066482835}
  m_ConnectedAnchor: {x: 0.8671845, y: 0.00082748674}
  m_UseMotor: 0
  m_Motor:
    m_MotorSpeed: 0
    m_MaximumMotorForce: 10000
  m_UseLimits: 1
  m_AngleLimits:
    m_LowerAngle: 30
    m_UpperAngle: -30
--- !u!61 &7077109790213802036
BoxCollider2D:
  m_ObjectHideFlags: 0
  m_CorrespondingSourceObject: {fileID: 0}
  m_PrefabInstance: {fileID: 0}
  m_PrefabAsset: {fileID: 0}
  m_GameObject: {fileID: 7077109790213802032}
  m_Enabled: 1
  m_Density: 1
  m_Material: {fileID: 0}
  m_IsTrigger: 1
  m_UsedByEffector: 0
  m_UsedByComposite: 0
  m_Offset: {x: 0.37550056, y: 0.0010591}
  m_SpriteTilingProperty:
    border: {x: 0, y: 0, z: 0, w: 0}
    pivot: {x: 0, y: 0}
    oldSize: {x: 0, y: 0}
    newSize: {x: 0, y: 0}
    adaptiveTilingThreshold: 0
    drawMode: 0
    adaptiveTiling: 0
  m_AutoTiling: 0
  serializedVersion: 2
  m_Size: {x: 0.7511442, y: 0.28659722}
  m_EdgeRadius: 0
--- !u!114 &7077109790213802035
MonoBehaviour:
  m_ObjectHideFlags: 0
  m_CorrespondingSourceObject: {fileID: 0}
  m_PrefabInstance: {fileID: 0}
  m_PrefabAsset: {fileID: 0}
  m_GameObject: {fileID: 7077109790213802032}
  m_Enabled: 1
  m_EditorHideFlags: 0
  m_Script: {fileID: 11500000, guid: c37f407a033957e49a81d1712b702276, type: 3}
  m_Name: 
  m_EditorClassIdentifier: 
  GripOffset: {x: 0, y: 0, z: 0}
  CanBeSwinged: 1
  swingForce: 125
  collider: {fileID: 0}
--- !u!1 &7077109791124512397
GameObject:
  m_ObjectHideFlags: 0
  m_CorrespondingSourceObject: {fileID: 0}
  m_PrefabInstance: {fileID: 0}
  m_PrefabAsset: {fileID: 0}
  serializedVersion: 6
  m_Component:
  - component: {fileID: 7077109791124512387}
  - component: {fileID: 7077109791124512398}
  - component: {fileID: 7077109791124512386}
  - component: {fileID: 7077109791124512385}
  - component: {fileID: 7077109791124512384}
  m_Layer: 0
  m_Name: bone_1
  m_TagString: Rope
  m_Icon: {fileID: 0}
  m_NavMeshLayer: 0
  m_StaticEditorFlags: 0
  m_IsActive: 1
--- !u!4 &7077109791124512387
Transform:
  m_ObjectHideFlags: 0
  m_CorrespondingSourceObject: {fileID: 0}
  m_PrefabInstance: {fileID: 0}
  m_PrefabAsset: {fileID: 0}
  m_GameObject: {fileID: 7077109791124512397}
  m_LocalRotation: {x: -0, y: -0, z: -0.6980853, w: 0.7160146}
  m_LocalPosition: {x: 0.03, y: 1.39, z: 0}
  m_LocalScale: {x: 1, y: 1, z: 1}
  m_Children: []
  m_Father: {fileID: 7077109791624598328}
  m_RootOrder: 1
  m_LocalEulerAnglesHint: {x: 0, y: 0, z: -88.547}
--- !u!50 &7077109791124512398
Rigidbody2D:
  serializedVersion: 4
  m_ObjectHideFlags: 0
  m_CorrespondingSourceObject: {fileID: 0}
  m_PrefabInstance: {fileID: 0}
  m_PrefabAsset: {fileID: 0}
  m_GameObject: {fileID: 7077109791124512397}
  m_BodyType: 0
  m_Simulated: 1
  m_UseFullKinematicContacts: 0
  m_UseAutoMass: 0
  m_Mass: 1
  m_LinearDrag: 0
  m_AngularDrag: 0.05
  m_GravityScale: 1
  m_Material: {fileID: 0}
  m_Interpolate: 0
  m_SleepingMode: 1
  m_CollisionDetection: 0
  m_Constraints: 0
--- !u!233 &7077109791124512386
HingeJoint2D:
  m_ObjectHideFlags: 0
  m_CorrespondingSourceObject: {fileID: 0}
  m_PrefabInstance: {fileID: 0}
  m_PrefabAsset: {fileID: 0}
  m_GameObject: {fileID: 7077109791124512397}
  m_Enabled: 1
  serializedVersion: 4
  m_EnableCollision: 0
  m_ConnectedRigidBody: {fileID: 7077109789857415459}
  m_BreakForce: Infinity
  m_BreakTorque: Infinity
  m_AutoConfigureConnectedAnchor: 1
  m_Anchor: {x: -0.0024003638, y: -0.0008817526}
  m_ConnectedAnchor: {x: 0.00090506894, y: 0.003004865}
  m_UseMotor: 0
  m_Motor:
    m_MotorSpeed: 0
    m_MaximumMotorForce: 10000
  m_UseLimits: 1
  m_AngleLimits:
    m_LowerAngle: 30
    m_UpperAngle: -30
--- !u!61 &7077109791124512385
BoxCollider2D:
  m_ObjectHideFlags: 0
  m_CorrespondingSourceObject: {fileID: 0}
  m_PrefabInstance: {fileID: 0}
  m_PrefabAsset: {fileID: 0}
  m_GameObject: {fileID: 7077109791124512397}
  m_Enabled: 1
  m_Density: 1
  m_Material: {fileID: 0}
  m_IsTrigger: 1
  m_UsedByEffector: 0
  m_UsedByComposite: 0
  m_Offset: {x: 0.4204799, y: 0.0006445646}
  m_SpriteTilingProperty:
    border: {x: 0, y: 0, z: 0, w: 0}
    pivot: {x: 0, y: 0}
    oldSize: {x: 0, y: 0}
    newSize: {x: 0, y: 0}
    adaptiveTilingThreshold: 0
    drawMode: 0
    adaptiveTiling: 0
  m_AutoTiling: 0
  serializedVersion: 2
  m_Size: {x: 0.8880589, y: 0.3250779}
  m_EdgeRadius: 0
--- !u!114 &7077109791124512384
MonoBehaviour:
  m_ObjectHideFlags: 0
  m_CorrespondingSourceObject: {fileID: 0}
  m_PrefabInstance: {fileID: 0}
  m_PrefabAsset: {fileID: 0}
  m_GameObject: {fileID: 7077109791124512397}
  m_Enabled: 1
  m_EditorHideFlags: 0
  m_Script: {fileID: 11500000, guid: c37f407a033957e49a81d1712b702276, type: 3}
  m_Name: 
  m_EditorClassIdentifier: 
  GripOffset: {x: 0, y: 0, z: 0}
  CanBeSwinged: 1
  swingForce: 125
  collider: {fileID: 0}
--- !u!1 &7077109791143048747
GameObject:
  m_ObjectHideFlags: 0
  m_CorrespondingSourceObject: {fileID: 0}
  m_PrefabInstance: {fileID: 0}
  m_PrefabAsset: {fileID: 0}
  serializedVersion: 6
  m_Component:
  - component: {fileID: 7077109791143048748}
  - component: {fileID: 7077109791143048737}
  - component: {fileID: 7077109791143048736}
  - component: {fileID: 7077109791143048751}
  - component: {fileID: 7077109791143048750}
  m_Layer: 0
  m_Name: grip
  m_TagString: Rope
  m_Icon: {fileID: 0}
  m_NavMeshLayer: 0
  m_StaticEditorFlags: 0
  m_IsActive: 1
--- !u!4 &7077109791143048748
Transform:
  m_ObjectHideFlags: 0
  m_CorrespondingSourceObject: {fileID: 0}
  m_PrefabInstance: {fileID: 0}
  m_PrefabAsset: {fileID: 0}
  m_GameObject: {fileID: 7077109791143048747}
  m_LocalRotation: {x: 0, y: 0, z: -0.688038, w: 0.72567475}
  m_LocalPosition: {x: 0.027149575, y: -0.23524265, z: 0}
  m_LocalScale: {x: 1, y: 1, z: 1}
  m_Children: []
  m_Father: {fileID: 7077109791624598328}
  m_RootOrder: 3
  m_LocalEulerAnglesHint: {x: 0, y: 0, z: -86.95}
--- !u!50 &7077109791143048737
Rigidbody2D:
  serializedVersion: 4
  m_ObjectHideFlags: 0
  m_CorrespondingSourceObject: {fileID: 0}
  m_PrefabInstance: {fileID: 0}
  m_PrefabAsset: {fileID: 0}
  m_GameObject: {fileID: 7077109791143048747}
  m_BodyType: 0
  m_Simulated: 1
  m_UseFullKinematicContacts: 0
  m_UseAutoMass: 0
  m_Mass: 1
  m_LinearDrag: 0
  m_AngularDrag: 0.05
  m_GravityScale: 1
  m_Material: {fileID: 0}
  m_Interpolate: 0
  m_SleepingMode: 1
  m_CollisionDetection: 0
  m_Constraints: 0
--- !u!233 &7077109791143048736
HingeJoint2D:
  m_ObjectHideFlags: 0
  m_CorrespondingSourceObject: {fileID: 0}
  m_PrefabInstance: {fileID: 0}
  m_PrefabAsset: {fileID: 0}
  m_GameObject: {fileID: 7077109791143048747}
  m_Enabled: 1
  serializedVersion: 4
  m_EnableCollision: 0
  m_ConnectedRigidBody: {fileID: 7077109790213802033}
  m_BreakForce: Infinity
  m_BreakTorque: Infinity
  m_AutoConfigureConnectedAnchor: 1
  m_Anchor: {x: 0.00028766107, y: -0.00028806148}
  m_ConnectedAnchor: {x: 0.7576388, y: -0.00010027797}
  m_UseMotor: 0
  m_Motor:
    m_MotorSpeed: 0
    m_MaximumMotorForce: 10000
  m_UseLimits: 1
  m_AngleLimits:
    m_LowerAngle: 5
    m_UpperAngle: -5
--- !u!61 &7077109791143048751
BoxCollider2D:
  m_ObjectHideFlags: 0
  m_CorrespondingSourceObject: {fileID: 0}
  m_PrefabInstance: {fileID: 0}
  m_PrefabAsset: {fileID: 0}
  m_GameObject: {fileID: 7077109791143048747}
  m_Enabled: 1
  m_Density: 1
  m_Material: {fileID: 0}
  m_IsTrigger: 1
  m_UsedByEffector: 0
  m_UsedByComposite: 0
  m_Offset: {x: 0.39488387, y: -0.0008097887}
  m_SpriteTilingProperty:
    border: {x: 0, y: 0, z: 0, w: 0}
    pivot: {x: 0, y: 0}
    oldSize: {x: 0, y: 0}
    newSize: {x: 0, y: 0}
    adaptiveTilingThreshold: 0
    drawMode: 0
    adaptiveTiling: 0
  m_AutoTiling: 0
  serializedVersion: 2
  m_Size: {x: 0.7900069, y: 0.36185873}
  m_EdgeRadius: 0
--- !u!114 &7077109791143048750
MonoBehaviour:
  m_ObjectHideFlags: 0
  m_CorrespondingSourceObject: {fileID: 0}
  m_PrefabInstance: {fileID: 0}
  m_PrefabAsset: {fileID: 0}
  m_GameObject: {fileID: 7077109791143048747}
  m_Enabled: 1
  m_EditorHideFlags: 0
  m_Script: {fileID: 11500000, guid: c37f407a033957e49a81d1712b702276, type: 3}
  m_Name: 
  m_EditorClassIdentifier: 
  GripOffset: {x: 0, y: 0, z: 0}
  CanBeSwinged: 1
  swingForce: 250
  collider: {fileID: 0}
--- !u!1 &7077109791624598311
GameObject:
  m_ObjectHideFlags: 0
  m_CorrespondingSourceObject: {fileID: 0}
  m_PrefabInstance: {fileID: 0}
  m_PrefabAsset: {fileID: 0}
  serializedVersion: 6
  m_Component:
  - component: {fileID: 7077109791624598328}
  - component: {fileID: 7077109791624598330}
  - component: {fileID: 7077109791624598329}
  m_Layer: 0
  m_Name: Custom Rope - Vine A
  m_TagString: Rope
  m_Icon: {fileID: 0}
  m_NavMeshLayer: 0
  m_StaticEditorFlags: 0
  m_IsActive: 1
--- !u!4 &7077109791624598328
Transform:
  m_ObjectHideFlags: 0
  m_CorrespondingSourceObject: {fileID: 0}
  m_PrefabInstance: {fileID: 0}
  m_PrefabAsset: {fileID: 0}
  m_GameObject: {fileID: 7077109791624598311}
  m_LocalRotation: {x: -0, y: -0, z: -0, w: 1}
  m_LocalPosition: {x: -183.556, y: 9.612, z: 0}
  m_LocalScale: {x: 1.4982074, y: 1.4982074, z: 1.4982074}
  m_Children:
  - {fileID: 7077109789857415461}
  - {fileID: 7077109791124512387}
  - {fileID: 7077109790213802038}
  - {fileID: 7077109791143048748}
  m_Father: {fileID: 0}
  m_RootOrder: 0
  m_LocalEulerAnglesHint: {x: 0, y: 0, z: 0}
--- !u!212 &7077109791624598330
SpriteRenderer:
  m_ObjectHideFlags: 0
  m_CorrespondingSourceObject: {fileID: 0}
  m_PrefabInstance: {fileID: 0}
  m_PrefabAsset: {fileID: 0}
  m_GameObject: {fileID: 7077109791624598311}
  m_Enabled: 1
  m_CastShadows: 0
  m_ReceiveShadows: 0
  m_DynamicOccludee: 1
  m_MotionVectors: 1
  m_LightProbeUsage: 1
  m_ReflectionProbeUsage: 1
  m_RayTracingMode: 0
  m_RayTraceProcedural: 0
  m_RenderingLayerMask: 1
  m_RendererPriority: 0
  m_Materials:
  - {fileID: 10754, guid: 0000000000000000f000000000000000, type: 0}
  m_StaticBatchInfo:
    firstSubMesh: 0
    subMeshCount: 0
  m_StaticBatchRoot: {fileID: 0}
  m_ProbeAnchor: {fileID: 0}
  m_LightProbeVolumeOverride: {fileID: 0}
  m_ScaleInLightmap: 1
  m_ReceiveGI: 1
  m_PreserveUVs: 0
  m_IgnoreNormalsForChartDetection: 0
  m_ImportantGI: 0
  m_StitchLightmapSeams: 1
  m_SelectedEditorRenderState: 0
  m_MinimumChartSize: 4
  m_AutoUVMaxDistance: 0.5
  m_AutoUVMaxAngle: 89
  m_LightmapParameters: {fileID: 0}
  m_SortingLayerID: 0
  m_SortingLayer: 0
  m_SortingOrder: 0
  m_Sprite: {fileID: 21300000, guid: fbd4ee4515234ea43a70bd27ced03606, type: 3}
  m_Color: {r: 1, g: 1, b: 1, a: 1}
  m_FlipX: 0
  m_FlipY: 0
  m_DrawMode: 0
  m_Size: {x: 2.92, y: 8.72}
  m_AdaptiveModeThreshold: 0.5
  m_SpriteTileMode: 0
  m_WasSpriteAssigned: 1
  m_MaskInteraction: 0
  m_SpriteSortPoint: 0
--- !u!114 &7077109791624598329
MonoBehaviour:
  m_ObjectHideFlags: 0
  m_CorrespondingSourceObject: {fileID: 0}
  m_PrefabInstance: {fileID: 0}
  m_PrefabAsset: {fileID: 0}
  m_GameObject: {fileID: 7077109791624598311}
  m_Enabled: 1
  m_EditorHideFlags: 0
  m_Script: {fileID: 11500000, guid: 57c008f954fe54a8bb972de1018a2cb8, type: 3}
  m_Name: 
  m_EditorClassIdentifier: 
  m_RootBone: {fileID: 7077109791124512387}
  m_BoneTransforms:
  - {fileID: 7077109791124512387}
  - {fileID: 7077109790213802038}
  - {fileID: 7077109791143048748}
  m_Bounds:
    m_Center: {x: 0.024331883, y: 0.21495116, z: 0}
    m_Extent: {x: 0.120499, y: 1.2363346, z: 0}
  m_UseBatching: 1
  m_AlwaysUpdate: 1
