%YAML 1.1
%TAG !u! tag:unity3d.com,2011:
--- !u!1 &3776126305515521591
GameObject:
  m_ObjectHideFlags: 0
  m_CorrespondingSourceObject: {fileID: 0}
  m_PrefabInstance: {fileID: 0}
  m_PrefabAsset: {fileID: 0}
  serializedVersion: 6
  m_Component:
  - component: {fileID: 585869563280392654}
  - component: {fileID: 3030768875923261369}
  m_Layer: 0
  m_Name: Rope - Liana Dynamic
  m_TagString: Rope
  m_Icon: {fileID: 0}
  m_NavMeshLayer: 0
  m_StaticEditorFlags: 0
  m_IsActive: 1
--- !u!4 &585869563280392654
Transform:
  m_ObjectHideFlags: 0
  m_CorrespondingSourceObject: {fileID: 0}
  m_PrefabInstance: {fileID: 0}
  m_PrefabAsset: {fileID: 0}
  m_GameObject: {fileID: 3776126305515521591}
  m_LocalRotation: {x: -0, y: -0, z: -0, w: 1}
  m_LocalPosition: {x: 0, y: 0, z: 0}
  m_LocalScale: {x: 1, y: 1, z: 1}
  m_Children:
  - {fileID: 8891912311817681454}
  - {fileID: 1487879909574195549}
  - {fileID: 1278230972834128698}
  - {fileID: 5005660920643407342}
  - {fileID: 966540065524203221}
  - {fileID: 726197250895013661}
  - {fileID: 1945705306379083002}
  - {fileID: 2989301717131102198}
  - {fileID: 8801442671756808109}
  - {fileID: 1462647133395086460}
  m_Father: {fileID: 0}
  m_RootOrder: 0
  m_LocalEulerAnglesHint: {x: 0, y: 0, z: 0}
--- !u!114 &3030768875923261369
MonoBehaviour:
  m_ObjectHideFlags: 0
  m_CorrespondingSourceObject: {fileID: 0}
  m_PrefabInstance: {fileID: 0}
  m_PrefabAsset: {fileID: 0}
  m_GameObject: {fileID: 3776126305515521591}
  m_Enabled: 1
  m_EditorHideFlags: 0
  m_Script: {fileID: 11500000, guid: 2cc5f7310e7c82e4ab22493baba32c8d, type: 3}
  m_Name: 
  m_EditorClassIdentifier: 
  hook: {fileID: 6977765898491720400}
  prefabRopeSegs: []
  numLinks: 0
  IsInOrder: 1
--- !u!1 &4342990725120549857
GameObject:
  m_ObjectHideFlags: 0
  m_CorrespondingSourceObject: {fileID: 0}
  m_PrefabInstance: {fileID: 0}
  m_PrefabAsset: {fileID: 0}
  serializedVersion: 6
  m_Component:
  - component: {fileID: 8891912311817681454}
  - component: {fileID: 6977765898491720400}
  - component: {fileID: 681566844896909560}
  m_Layer: 0
  m_Name: Hook
  m_TagString: Untagged
  m_Icon: {fileID: 0}
  m_NavMeshLayer: 0
  m_StaticEditorFlags: 0
  m_IsActive: 1
--- !u!4 &8891912311817681454
Transform:
  m_ObjectHideFlags: 0
  m_CorrespondingSourceObject: {fileID: 0}
  m_PrefabInstance: {fileID: 0}
  m_PrefabAsset: {fileID: 0}
  m_GameObject: {fileID: 4342990725120549857}
  m_LocalRotation: {x: 0, y: 0, z: -0.67356396, w: 0.739129}
  m_LocalPosition: {x: 0, y: 0, z: 0}
  m_LocalScale: {x: 1, y: 1, z: 1}
  m_Children: []
  m_Father: {fileID: 585869563280392654}
  m_RootOrder: 0
  m_LocalEulerAnglesHint: {x: 0, y: 0, z: 0}
--- !u!50 &6977765898491720400
Rigidbody2D:
  serializedVersion: 4
  m_ObjectHideFlags: 0
  m_CorrespondingSourceObject: {fileID: 0}
  m_PrefabInstance: {fileID: 0}
  m_PrefabAsset: {fileID: 0}
  m_GameObject: {fileID: 4342990725120549857}
  m_BodyType: 0
  m_Simulated: 1
  m_UseFullKinematicContacts: 0
  m_UseAutoMass: 0
  m_Mass: 1
  m_LinearDrag: 0
  m_AngularDrag: 0.05
  m_GravityScale: 1
  m_Material: {fileID: 0}
  m_Interpolate: 0
  m_SleepingMode: 1
  m_CollisionDetection: 0
  m_Constraints: 4
--- !u!233 &681566844896909560
HingeJoint2D:
  m_ObjectHideFlags: 0
  m_CorrespondingSourceObject: {fileID: 0}
  m_PrefabInstance: {fileID: 0}
  m_PrefabAsset: {fileID: 0}
  m_GameObject: {fileID: 4342990725120549857}
  m_Enabled: 1
  serializedVersion: 4
  m_EnableCollision: 0
  m_ConnectedRigidBody: {fileID: 0}
  m_BreakForce: Infinity
  m_BreakTorque: Infinity
  m_AutoConfigureConnectedAnchor: 1
  m_Anchor: {x: 0, y: 0}
  m_ConnectedAnchor: {x: 0, y: 0}
  m_UseMotor: 0
  m_Motor:
    m_MotorSpeed: 0
    m_MaximumMotorForce: 10000
  m_UseLimits: 0
  m_AngleLimits:
    m_LowerAngle: 0
    m_UpperAngle: 359
--- !u!1001 &1566098999694173505
PrefabInstance:
  m_ObjectHideFlags: 0
  serializedVersion: 2
  m_Modification:
    m_TransformParent: {fileID: 585869563280392654}
    m_Modifications:
    - target: {fileID: 2281106416857760326, guid: 18b904a041fa4e04b92380ea85530e0c,
        type: 3}
      propertyPath: m_Name
      value: Rope Seg 5
      objectReference: {fileID: 0}
    - target: {fileID: 2281106416857760347, guid: 18b904a041fa4e04b92380ea85530e0c,
        type: 3}
      propertyPath: m_ConnectedRigidBody
      value: 
      objectReference: {fileID: 966540065524203219}
    - target: {fileID: 2281106416857760348, guid: 18b904a041fa4e04b92380ea85530e0c,
        type: 3}
      propertyPath: m_RootOrder
      value: 5
      objectReference: {fileID: 0}
    - target: {fileID: 2281106416857760348, guid: 18b904a041fa4e04b92380ea85530e0c,
        type: 3}
      propertyPath: m_LocalPosition.x
      value: 0.145
      objectReference: {fileID: 0}
    - target: {fileID: 2281106416857760348, guid: 18b904a041fa4e04b92380ea85530e0c,
        type: 3}
      propertyPath: m_LocalPosition.y
      value: -3.087
      objectReference: {fileID: 0}
    - target: {fileID: 2281106416857760348, guid: 18b904a041fa4e04b92380ea85530e0c,
        type: 3}
      propertyPath: m_LocalPosition.z
      value: 0
      objectReference: {fileID: 0}
    - target: {fileID: 2281106416857760348, guid: 18b904a041fa4e04b92380ea85530e0c,
        type: 3}
      propertyPath: m_LocalRotation.w
      value: 1
      objectReference: {fileID: 0}
    - target: {fileID: 2281106416857760348, guid: 18b904a041fa4e04b92380ea85530e0c,
        type: 3}
      propertyPath: m_LocalRotation.x
      value: 0
      objectReference: {fileID: 0}
    - target: {fileID: 2281106416857760348, guid: 18b904a041fa4e04b92380ea85530e0c,
        type: 3}
      propertyPath: m_LocalRotation.y
      value: 0
      objectReference: {fileID: 0}
    - target: {fileID: 2281106416857760348, guid: 18b904a041fa4e04b92380ea85530e0c,
        type: 3}
      propertyPath: m_LocalRotation.z
      value: 0
      objectReference: {fileID: 0}
    - target: {fileID: 2281106416857760348, guid: 18b904a041fa4e04b92380ea85530e0c,
        type: 3}
      propertyPath: m_LocalEulerAnglesHint.x
      value: 0
      objectReference: {fileID: 0}
    - target: {fileID: 2281106416857760348, guid: 18b904a041fa4e04b92380ea85530e0c,
        type: 3}
      propertyPath: m_LocalEulerAnglesHint.y
      value: 0
      objectReference: {fileID: 0}
    - target: {fileID: 2281106416857760348, guid: 18b904a041fa4e04b92380ea85530e0c,
        type: 3}
      propertyPath: m_LocalEulerAnglesHint.z
      value: 0
      objectReference: {fileID: 0}
    m_RemovedComponents: []
  m_SourcePrefab: {fileID: 100100000, guid: 18b904a041fa4e04b92380ea85530e0c, type: 3}
--- !u!50 &726197250895013659 stripped
Rigidbody2D:
  m_CorrespondingSourceObject: {fileID: 2281106416857760346, guid: 18b904a041fa4e04b92380ea85530e0c,
    type: 3}
  m_PrefabInstance: {fileID: 1566098999694173505}
  m_PrefabAsset: {fileID: 0}
--- !u!4 &726197250895013661 stripped
Transform:
  m_CorrespondingSourceObject: {fileID: 2281106416857760348, guid: 18b904a041fa4e04b92380ea85530e0c,
    type: 3}
  m_PrefabInstance: {fileID: 1566098999694173505}
  m_PrefabAsset: {fileID: 0}
--- !u!1001 &2237834978899856219
PrefabInstance:
  m_ObjectHideFlags: 0
  serializedVersion: 2
  m_Modification:
    m_TransformParent: {fileID: 585869563280392654}
    m_Modifications:
    - target: {fileID: 7290028675913909484, guid: 69bc349ed7f4a754ab35ea8cfca4a360,
        type: 3}
      propertyPath: m_Name
      value: Rope Seg 8
      objectReference: {fileID: 0}
    - target: {fileID: 7290028675913909489, guid: 69bc349ed7f4a754ab35ea8cfca4a360,
        type: 3}
      propertyPath: m_ConnectedRigidBody
      value: 
      objectReference: {fileID: 2989301717131102192}
    - target: {fileID: 7290028675913909494, guid: 69bc349ed7f4a754ab35ea8cfca4a360,
        type: 3}
      propertyPath: m_RootOrder
      value: 8
      objectReference: {fileID: 0}
    - target: {fileID: 7290028675913909494, guid: 69bc349ed7f4a754ab35ea8cfca4a360,
        type: 3}
      propertyPath: m_LocalPosition.x
      value: 0.164
      objectReference: {fileID: 0}
    - target: {fileID: 7290028675913909494, guid: 69bc349ed7f4a754ab35ea8cfca4a360,
        type: 3}
      propertyPath: m_LocalPosition.y
      value: -4.747
      objectReference: {fileID: 0}
    - target: {fileID: 7290028675913909494, guid: 69bc349ed7f4a754ab35ea8cfca4a360,
        type: 3}
      propertyPath: m_LocalPosition.z
      value: 0
      objectReference: {fileID: 0}
    - target: {fileID: 7290028675913909494, guid: 69bc349ed7f4a754ab35ea8cfca4a360,
        type: 3}
      propertyPath: m_LocalRotation.w
      value: 1
      objectReference: {fileID: 0}
    - target: {fileID: 7290028675913909494, guid: 69bc349ed7f4a754ab35ea8cfca4a360,
        type: 3}
      propertyPath: m_LocalRotation.x
      value: 0
      objectReference: {fileID: 0}
    - target: {fileID: 7290028675913909494, guid: 69bc349ed7f4a754ab35ea8cfca4a360,
        type: 3}
      propertyPath: m_LocalRotation.y
      value: 0
      objectReference: {fileID: 0}
    - target: {fileID: 7290028675913909494, guid: 69bc349ed7f4a754ab35ea8cfca4a360,
        type: 3}
      propertyPath: m_LocalRotation.z
      value: 0
      objectReference: {fileID: 0}
    - target: {fileID: 7290028675913909494, guid: 69bc349ed7f4a754ab35ea8cfca4a360,
        type: 3}
      propertyPath: m_LocalEulerAnglesHint.x
      value: 0
      objectReference: {fileID: 0}
    - target: {fileID: 7290028675913909494, guid: 69bc349ed7f4a754ab35ea8cfca4a360,
        type: 3}
      propertyPath: m_LocalEulerAnglesHint.y
      value: 0
      objectReference: {fileID: 0}
    - target: {fileID: 7290028675913909494, guid: 69bc349ed7f4a754ab35ea8cfca4a360,
        type: 3}
      propertyPath: m_LocalEulerAnglesHint.z
      value: 0
      objectReference: {fileID: 0}
    m_RemovedComponents: []
  m_SourcePrefab: {fileID: 100100000, guid: 69bc349ed7f4a754ab35ea8cfca4a360, type: 3}
--- !u!4 &8801442671756808109 stripped
Transform:
  m_CorrespondingSourceObject: {fileID: 7290028675913909494, guid: 69bc349ed7f4a754ab35ea8cfca4a360,
    type: 3}
  m_PrefabInstance: {fileID: 2237834978899856219}
  m_PrefabAsset: {fileID: 0}
--- !u!50 &8801442671756808107 stripped
Rigidbody2D:
  m_CorrespondingSourceObject: {fileID: 7290028675913909488, guid: 69bc349ed7f4a754ab35ea8cfca4a360,
    type: 3}
  m_PrefabInstance: {fileID: 2237834978899856219}
  m_PrefabAsset: {fileID: 0}
--- !u!1001 &2518646327398848636
PrefabInstance:
  m_ObjectHideFlags: 0
  serializedVersion: 2
  m_Modification:
    m_TransformParent: {fileID: 585869563280392654}
    m_Modifications:
    - target: {fileID: 986428098656281872, guid: 4309c064a1bfd6c45a382ddbf72e22cd,
        type: 3}
      propertyPath: m_Name
      value: Rope Seg 2
      objectReference: {fileID: 0}
    - target: {fileID: 3695545655777655622, guid: 4309c064a1bfd6c45a382ddbf72e22cd,
        type: 3}
      propertyPath: m_RootOrder
      value: 2
      objectReference: {fileID: 0}
    - target: {fileID: 3695545655777655622, guid: 4309c064a1bfd6c45a382ddbf72e22cd,
        type: 3}
      propertyPath: m_LocalPosition.x
      value: 0.095
      objectReference: {fileID: 0}
    - target: {fileID: 3695545655777655622, guid: 4309c064a1bfd6c45a382ddbf72e22cd,
        type: 3}
      propertyPath: m_LocalPosition.y
      value: -0.883
      objectReference: {fileID: 0}
    - target: {fileID: 3695545655777655622, guid: 4309c064a1bfd6c45a382ddbf72e22cd,
        type: 3}
      propertyPath: m_LocalPosition.z
      value: 0
      objectReference: {fileID: 0}
    - target: {fileID: 3695545655777655622, guid: 4309c064a1bfd6c45a382ddbf72e22cd,
        type: 3}
      propertyPath: m_LocalRotation.w
      value: 1
      objectReference: {fileID: 0}
    - target: {fileID: 3695545655777655622, guid: 4309c064a1bfd6c45a382ddbf72e22cd,
        type: 3}
      propertyPath: m_LocalRotation.x
      value: 0
      objectReference: {fileID: 0}
    - target: {fileID: 3695545655777655622, guid: 4309c064a1bfd6c45a382ddbf72e22cd,
        type: 3}
      propertyPath: m_LocalRotation.y
      value: 0
      objectReference: {fileID: 0}
    - target: {fileID: 3695545655777655622, guid: 4309c064a1bfd6c45a382ddbf72e22cd,
        type: 3}
      propertyPath: m_LocalRotation.z
      value: 0
      objectReference: {fileID: 0}
    - target: {fileID: 3695545655777655622, guid: 4309c064a1bfd6c45a382ddbf72e22cd,
        type: 3}
      propertyPath: m_LocalEulerAnglesHint.x
      value: 0
      objectReference: {fileID: 0}
    - target: {fileID: 3695545655777655622, guid: 4309c064a1bfd6c45a382ddbf72e22cd,
        type: 3}
      propertyPath: m_LocalEulerAnglesHint.y
      value: 0
      objectReference: {fileID: 0}
    - target: {fileID: 3695545655777655622, guid: 4309c064a1bfd6c45a382ddbf72e22cd,
        type: 3}
      propertyPath: m_LocalEulerAnglesHint.z
      value: 0
      objectReference: {fileID: 0}
    - target: {fileID: 7551766233639536280, guid: 4309c064a1bfd6c45a382ddbf72e22cd,
        type: 3}
      propertyPath: m_ConnectedRigidBody
      value: 
      objectReference: {fileID: 9008185838512396452}
    m_RemovedComponents: []
  m_SourcePrefab: {fileID: 100100000, guid: 4309c064a1bfd6c45a382ddbf72e22cd, type: 3}
--- !u!4 &1278230972834128698 stripped
Transform:
  m_CorrespondingSourceObject: {fileID: 3695545655777655622, guid: 4309c064a1bfd6c45a382ddbf72e22cd,
    type: 3}
  m_PrefabInstance: {fileID: 2518646327398848636}
  m_PrefabAsset: {fileID: 0}
--- !u!50 &8653864474971620035 stripped
Rigidbody2D:
  m_CorrespondingSourceObject: {fileID: 6551810149797665471, guid: 4309c064a1bfd6c45a382ddbf72e22cd,
    type: 3}
  m_PrefabInstance: {fileID: 2518646327398848636}
  m_PrefabAsset: {fileID: 0}
--- !u!1001 &3497647364408814954
PrefabInstance:
  m_ObjectHideFlags: 0
  serializedVersion: 2
  m_Modification:
    m_TransformParent: {fileID: 585869563280392654}
    m_Modifications:
    - target: {fileID: 4459677087206970277, guid: e5c9752a11eb8834294e479d09e70438,
        type: 3}
      propertyPath: m_Name
      value: Rope Seg 4
      objectReference: {fileID: 0}
    - target: {fileID: 4459677087206970296, guid: e5c9752a11eb8834294e479d09e70438,
        type: 3}
      propertyPath: m_ConnectedRigidBody
      value: 
      objectReference: {fileID: 5005660920643407340}
    - target: {fileID: 4459677087206970303, guid: e5c9752a11eb8834294e479d09e70438,
        type: 3}
      propertyPath: m_RootOrder
      value: 4
      objectReference: {fileID: 0}
    - target: {fileID: 4459677087206970303, guid: e5c9752a11eb8834294e479d09e70438,
        type: 3}
      propertyPath: m_LocalPosition.x
      value: 0.14
      objectReference: {fileID: 0}
    - target: {fileID: 4459677087206970303, guid: e5c9752a11eb8834294e479d09e70438,
        type: 3}
      propertyPath: m_LocalPosition.y
      value: -2.139
      objectReference: {fileID: 0}
    - target: {fileID: 4459677087206970303, guid: e5c9752a11eb8834294e479d09e70438,
        type: 3}
      propertyPath: m_LocalPosition.z
      value: 0
      objectReference: {fileID: 0}
    - target: {fileID: 4459677087206970303, guid: e5c9752a11eb8834294e479d09e70438,
        type: 3}
      propertyPath: m_LocalRotation.w
      value: 1
      objectReference: {fileID: 0}
    - target: {fileID: 4459677087206970303, guid: e5c9752a11eb8834294e479d09e70438,
        type: 3}
      propertyPath: m_LocalRotation.x
      value: 0
      objectReference: {fileID: 0}
    - target: {fileID: 4459677087206970303, guid: e5c9752a11eb8834294e479d09e70438,
        type: 3}
      propertyPath: m_LocalRotation.y
      value: 0
      objectReference: {fileID: 0}
    - target: {fileID: 4459677087206970303, guid: e5c9752a11eb8834294e479d09e70438,
        type: 3}
      propertyPath: m_LocalRotation.z
      value: 0
      objectReference: {fileID: 0}
    - target: {fileID: 4459677087206970303, guid: e5c9752a11eb8834294e479d09e70438,
        type: 3}
      propertyPath: m_LocalEulerAnglesHint.x
      value: 0
      objectReference: {fileID: 0}
    - target: {fileID: 4459677087206970303, guid: e5c9752a11eb8834294e479d09e70438,
        type: 3}
      propertyPath: m_LocalEulerAnglesHint.y
      value: 0
      objectReference: {fileID: 0}
    - target: {fileID: 4459677087206970303, guid: e5c9752a11eb8834294e479d09e70438,
        type: 3}
      propertyPath: m_LocalEulerAnglesHint.z
      value: 0
      objectReference: {fileID: 0}
    m_RemovedComponents: []
  m_SourcePrefab: {fileID: 100100000, guid: e5c9752a11eb8834294e479d09e70438, type: 3}
--- !u!4 &966540065524203221 stripped
Transform:
  m_CorrespondingSourceObject: {fileID: 4459677087206970303, guid: e5c9752a11eb8834294e479d09e70438,
    type: 3}
  m_PrefabInstance: {fileID: 3497647364408814954}
  m_PrefabAsset: {fileID: 0}
--- !u!50 &966540065524203219 stripped
Rigidbody2D:
  m_CorrespondingSourceObject: {fileID: 4459677087206970297, guid: e5c9752a11eb8834294e479d09e70438,
    type: 3}
  m_PrefabInstance: {fileID: 3497647364408814954}
  m_PrefabAsset: {fileID: 0}
--- !u!1001 &3794805001362619532
PrefabInstance:
  m_ObjectHideFlags: 0
  serializedVersion: 2
  m_Modification:
    m_TransformParent: {fileID: 585869563280392654}
    m_Modifications:
    - target: {fileID: 2231131187857218439, guid: 6469bc409d0841c469e267ce4d13d65a,
        type: 3}
      propertyPath: m_Name
      value: Rope Seg 1
      objectReference: {fileID: 0}
    - target: {fileID: 2310304750165558737, guid: 6469bc409d0841c469e267ce4d13d65a,
        type: 3}
      propertyPath: m_RootOrder
      value: 1
      objectReference: {fileID: 0}
    - target: {fileID: 2310304750165558737, guid: 6469bc409d0841c469e267ce4d13d65a,
        type: 3}
      propertyPath: m_LocalPosition.x
      value: 0
      objectReference: {fileID: 0}
    - target: {fileID: 2310304750165558737, guid: 6469bc409d0841c469e267ce4d13d65a,
        type: 3}
      propertyPath: m_LocalPosition.y
      value: 0
      objectReference: {fileID: 0}
    - target: {fileID: 2310304750165558737, guid: 6469bc409d0841c469e267ce4d13d65a,
        type: 3}
      propertyPath: m_LocalPosition.z
      value: 0
      objectReference: {fileID: 0}
    - target: {fileID: 2310304750165558737, guid: 6469bc409d0841c469e267ce4d13d65a,
        type: 3}
      propertyPath: m_LocalRotation.w
      value: 1
      objectReference: {fileID: 0}
    - target: {fileID: 2310304750165558737, guid: 6469bc409d0841c469e267ce4d13d65a,
        type: 3}
      propertyPath: m_LocalRotation.x
      value: 0
      objectReference: {fileID: 0}
    - target: {fileID: 2310304750165558737, guid: 6469bc409d0841c469e267ce4d13d65a,
        type: 3}
      propertyPath: m_LocalRotation.y
      value: 0
      objectReference: {fileID: 0}
    - target: {fileID: 2310304750165558737, guid: 6469bc409d0841c469e267ce4d13d65a,
        type: 3}
      propertyPath: m_LocalRotation.z
      value: 0
      objectReference: {fileID: 0}
    - target: {fileID: 2310304750165558737, guid: 6469bc409d0841c469e267ce4d13d65a,
        type: 3}
      propertyPath: m_LocalEulerAnglesHint.x
      value: 0
      objectReference: {fileID: 0}
    - target: {fileID: 2310304750165558737, guid: 6469bc409d0841c469e267ce4d13d65a,
        type: 3}
      propertyPath: m_LocalEulerAnglesHint.y
      value: 0
      objectReference: {fileID: 0}
    - target: {fileID: 2310304750165558737, guid: 6469bc409d0841c469e267ce4d13d65a,
        type: 3}
      propertyPath: m_LocalEulerAnglesHint.z
      value: 0
      objectReference: {fileID: 0}
    - target: {fileID: 8902400125578950671, guid: 6469bc409d0841c469e267ce4d13d65a,
        type: 3}
      propertyPath: m_ConnectedRigidBody
      value: 
      objectReference: {fileID: 6977765898491720400}
    m_RemovedComponents: []
  m_SourcePrefab: {fileID: 100100000, guid: 6469bc409d0841c469e267ce4d13d65a, type: 3}
--- !u!4 &1487879909574195549 stripped
Transform:
  m_CorrespondingSourceObject: {fileID: 2310304750165558737, guid: 6469bc409d0841c469e267ce4d13d65a,
    type: 3}
  m_PrefabInstance: {fileID: 3794805001362619532}
  m_PrefabAsset: {fileID: 0}
--- !u!50 &9008185838512396452 stripped
Rigidbody2D:
  m_CorrespondingSourceObject: {fileID: 5308154350007510056, guid: 6469bc409d0841c469e267ce4d13d65a,
    type: 3}
  m_PrefabInstance: {fileID: 3794805001362619532}
  m_PrefabAsset: {fileID: 0}
--- !u!1001 &5500936277732754176
PrefabInstance:
  m_ObjectHideFlags: 0
  serializedVersion: 2
  m_Modification:
    m_TransformParent: {fileID: 585869563280392654}
    m_Modifications:
    - target: {fileID: 7290028675913909484, guid: e119debdb2b21974f87bc4da131c95f5,
        type: 3}
      propertyPath: m_Name
      value: Rope Seg 7
      objectReference: {fileID: 0}
    - target: {fileID: 7290028675913909489, guid: e119debdb2b21974f87bc4da131c95f5,
        type: 3}
      propertyPath: m_ConnectedRigidBody
      value: 
      objectReference: {fileID: 1945705306379083004}
    - target: {fileID: 7290028675913909494, guid: e119debdb2b21974f87bc4da131c95f5,
        type: 3}
      propertyPath: m_RootOrder
      value: 7
      objectReference: {fileID: 0}
    - target: {fileID: 7290028675913909494, guid: e119debdb2b21974f87bc4da131c95f5,
        type: 3}
      propertyPath: m_LocalPosition.x
      value: 0.154
      objectReference: {fileID: 0}
    - target: {fileID: 7290028675913909494, guid: e119debdb2b21974f87bc4da131c95f5,
        type: 3}
      propertyPath: m_LocalPosition.y
      value: -3.943
      objectReference: {fileID: 0}
    - target: {fileID: 7290028675913909494, guid: e119debdb2b21974f87bc4da131c95f5,
        type: 3}
      propertyPath: m_LocalPosition.z
      value: 0
      objectReference: {fileID: 0}
    - target: {fileID: 7290028675913909494, guid: e119debdb2b21974f87bc4da131c95f5,
        type: 3}
      propertyPath: m_LocalRotation.w
      value: 1
      objectReference: {fileID: 0}
    - target: {fileID: 7290028675913909494, guid: e119debdb2b21974f87bc4da131c95f5,
        type: 3}
      propertyPath: m_LocalRotation.x
      value: 0
      objectReference: {fileID: 0}
    - target: {fileID: 7290028675913909494, guid: e119debdb2b21974f87bc4da131c95f5,
        type: 3}
      propertyPath: m_LocalRotation.y
      value: 0
      objectReference: {fileID: 0}
    - target: {fileID: 7290028675913909494, guid: e119debdb2b21974f87bc4da131c95f5,
        type: 3}
      propertyPath: m_LocalRotation.z
      value: 0
      objectReference: {fileID: 0}
    - target: {fileID: 7290028675913909494, guid: e119debdb2b21974f87bc4da131c95f5,
        type: 3}
      propertyPath: m_LocalEulerAnglesHint.x
      value: 0
      objectReference: {fileID: 0}
    - target: {fileID: 7290028675913909494, guid: e119debdb2b21974f87bc4da131c95f5,
        type: 3}
      propertyPath: m_LocalEulerAnglesHint.y
      value: 0
      objectReference: {fileID: 0}
    - target: {fileID: 7290028675913909494, guid: e119debdb2b21974f87bc4da131c95f5,
        type: 3}
      propertyPath: m_LocalEulerAnglesHint.z
      value: 0
      objectReference: {fileID: 0}
    m_RemovedComponents: []
  m_SourcePrefab: {fileID: 100100000, guid: e119debdb2b21974f87bc4da131c95f5, type: 3}
--- !u!4 &2989301717131102198 stripped
Transform:
  m_CorrespondingSourceObject: {fileID: 7290028675913909494, guid: e119debdb2b21974f87bc4da131c95f5,
    type: 3}
  m_PrefabInstance: {fileID: 5500936277732754176}
  m_PrefabAsset: {fileID: 0}
--- !u!50 &2989301717131102192 stripped
Rigidbody2D:
  m_CorrespondingSourceObject: {fileID: 7290028675913909488, guid: e119debdb2b21974f87bc4da131c95f5,
    type: 3}
  m_PrefabInstance: {fileID: 5500936277732754176}
  m_PrefabAsset: {fileID: 0}
--- !u!1001 &8171570028391655562
PrefabInstance:
  m_ObjectHideFlags: 0
  serializedVersion: 2
  m_Modification:
    m_TransformParent: {fileID: 585869563280392654}
    m_Modifications:
    - target: {fileID: 7290028675913909484, guid: b6e2d68e07b2de74897b450998c53a1d,
        type: 3}
      propertyPath: m_Name
      value: Rope Seg 9
      objectReference: {fileID: 0}
    - target: {fileID: 7290028675913909489, guid: b6e2d68e07b2de74897b450998c53a1d,
        type: 3}
      propertyPath: m_ConnectedRigidBody
      value: 
      objectReference: {fileID: 8801442671756808107}
    - target: {fileID: 7290028675913909494, guid: b6e2d68e07b2de74897b450998c53a1d,
        type: 3}
      propertyPath: m_RootOrder
      value: 9
      objectReference: {fileID: 0}
    - target: {fileID: 7290028675913909494, guid: b6e2d68e07b2de74897b450998c53a1d,
        type: 3}
      propertyPath: m_LocalPosition.x
      value: 0.15
      objectReference: {fileID: 0}
    - target: {fileID: 7290028675913909494, guid: b6e2d68e07b2de74897b450998c53a1d,
        type: 3}
      propertyPath: m_LocalPosition.y
      value: -5.34
      objectReference: {fileID: 0}
    - target: {fileID: 7290028675913909494, guid: b6e2d68e07b2de74897b450998c53a1d,
        type: 3}
      propertyPath: m_LocalPosition.z
      value: 0
      objectReference: {fileID: 0}
    - target: {fileID: 7290028675913909494, guid: b6e2d68e07b2de74897b450998c53a1d,
        type: 3}
      propertyPath: m_LocalRotation.w
      value: 1
      objectReference: {fileID: 0}
    - target: {fileID: 7290028675913909494, guid: b6e2d68e07b2de74897b450998c53a1d,
        type: 3}
      propertyPath: m_LocalRotation.x
      value: 0
      objectReference: {fileID: 0}
    - target: {fileID: 7290028675913909494, guid: b6e2d68e07b2de74897b450998c53a1d,
        type: 3}
      propertyPath: m_LocalRotation.y
      value: 0
      objectReference: {fileID: 0}
    - target: {fileID: 7290028675913909494, guid: b6e2d68e07b2de74897b450998c53a1d,
        type: 3}
      propertyPath: m_LocalRotation.z
      value: 0
      objectReference: {fileID: 0}
    - target: {fileID: 7290028675913909494, guid: b6e2d68e07b2de74897b450998c53a1d,
        type: 3}
      propertyPath: m_LocalEulerAnglesHint.x
      value: 0
      objectReference: {fileID: 0}
    - target: {fileID: 7290028675913909494, guid: b6e2d68e07b2de74897b450998c53a1d,
        type: 3}
      propertyPath: m_LocalEulerAnglesHint.y
      value: 0
      objectReference: {fileID: 0}
    - target: {fileID: 7290028675913909494, guid: b6e2d68e07b2de74897b450998c53a1d,
        type: 3}
      propertyPath: m_LocalEulerAnglesHint.z
      value: 0
      objectReference: {fileID: 0}
    m_RemovedComponents: []
  m_SourcePrefab: {fileID: 100100000, guid: b6e2d68e07b2de74897b450998c53a1d, type: 3}
--- !u!4 &1462647133395086460 stripped
Transform:
  m_CorrespondingSourceObject: {fileID: 7290028675913909494, guid: b6e2d68e07b2de74897b450998c53a1d,
    type: 3}
  m_PrefabInstance: {fileID: 8171570028391655562}
  m_PrefabAsset: {fileID: 0}
--- !u!1001 &8176491394434008421
PrefabInstance:
  m_ObjectHideFlags: 0
  serializedVersion: 2
  m_Modification:
    m_TransformParent: {fileID: 585869563280392654}
    m_Modifications:
    - target: {fileID: 3751240706254325893, guid: 0d53766db0651b8469a4c55e2aeed8c6,
        type: 3}
      propertyPath: m_Name
      value: Rope Seg 3
      objectReference: {fileID: 0}
    - target: {fileID: 3751240706254325894, guid: 0d53766db0651b8469a4c55e2aeed8c6,
        type: 3}
      propertyPath: m_ConnectedRigidBody
      value: 
      objectReference: {fileID: 8653864474971620035}
    - target: {fileID: 3751240706254325899, guid: 0d53766db0651b8469a4c55e2aeed8c6,
        type: 3}
      propertyPath: m_RootOrder
      value: 3
      objectReference: {fileID: 0}
    - target: {fileID: 3751240706254325899, guid: 0d53766db0651b8469a4c55e2aeed8c6,
        type: 3}
      propertyPath: m_LocalPosition.x
      value: 0.126
      objectReference: {fileID: 0}
    - target: {fileID: 3751240706254325899, guid: 0d53766db0651b8469a4c55e2aeed8c6,
        type: 3}
      propertyPath: m_LocalPosition.y
      value: -1.666
      objectReference: {fileID: 0}
    - target: {fileID: 3751240706254325899, guid: 0d53766db0651b8469a4c55e2aeed8c6,
        type: 3}
      propertyPath: m_LocalPosition.z
      value: 0
      objectReference: {fileID: 0}
    - target: {fileID: 3751240706254325899, guid: 0d53766db0651b8469a4c55e2aeed8c6,
        type: 3}
      propertyPath: m_LocalRotation.w
      value: 1
      objectReference: {fileID: 0}
    - target: {fileID: 3751240706254325899, guid: 0d53766db0651b8469a4c55e2aeed8c6,
        type: 3}
      propertyPath: m_LocalRotation.x
      value: 0
      objectReference: {fileID: 0}
    - target: {fileID: 3751240706254325899, guid: 0d53766db0651b8469a4c55e2aeed8c6,
        type: 3}
      propertyPath: m_LocalRotation.y
      value: 0
      objectReference: {fileID: 0}
    - target: {fileID: 3751240706254325899, guid: 0d53766db0651b8469a4c55e2aeed8c6,
        type: 3}
      propertyPath: m_LocalRotation.z
      value: 0
      objectReference: {fileID: 0}
    - target: {fileID: 3751240706254325899, guid: 0d53766db0651b8469a4c55e2aeed8c6,
        type: 3}
      propertyPath: m_LocalEulerAnglesHint.x
      value: 0
      objectReference: {fileID: 0}
    - target: {fileID: 3751240706254325899, guid: 0d53766db0651b8469a4c55e2aeed8c6,
        type: 3}
      propertyPath: m_LocalEulerAnglesHint.y
      value: 0
      objectReference: {fileID: 0}
    - target: {fileID: 3751240706254325899, guid: 0d53766db0651b8469a4c55e2aeed8c6,
        type: 3}
      propertyPath: m_LocalEulerAnglesHint.z
      value: 0
      objectReference: {fileID: 0}
    m_RemovedComponents: []
  m_SourcePrefab: {fileID: 100100000, guid: 0d53766db0651b8469a4c55e2aeed8c6, type: 3}
--- !u!4 &5005660920643407342 stripped
Transform:
  m_CorrespondingSourceObject: {fileID: 3751240706254325899, guid: 0d53766db0651b8469a4c55e2aeed8c6,
    type: 3}
  m_PrefabInstance: {fileID: 8176491394434008421}
  m_PrefabAsset: {fileID: 0}
--- !u!50 &5005660920643407340 stripped
Rigidbody2D:
  m_CorrespondingSourceObject: {fileID: 3751240706254325897, guid: 0d53766db0651b8469a4c55e2aeed8c6,
    type: 3}
  m_PrefabInstance: {fileID: 8176491394434008421}
  m_PrefabAsset: {fileID: 0}
--- !u!1001 &9091618512083081228
PrefabInstance:
  m_ObjectHideFlags: 0
  serializedVersion: 2
  m_Modification:
    m_TransformParent: {fileID: 585869563280392654}
    m_Modifications:
    - target: {fileID: 7290028675913909484, guid: a0eea02f74325ba46a15a7e644067158,
        type: 3}
      propertyPath: m_Name
      value: Rope Seg 6
      objectReference: {fileID: 0}
    - target: {fileID: 7290028675913909489, guid: a0eea02f74325ba46a15a7e644067158,
        type: 3}
      propertyPath: m_ConnectedRigidBody
      value: 
      objectReference: {fileID: 726197250895013659}
    - target: {fileID: 7290028675913909494, guid: a0eea02f74325ba46a15a7e644067158,
        type: 3}
      propertyPath: m_RootOrder
      value: 6
      objectReference: {fileID: 0}
    - target: {fileID: 7290028675913909494, guid: a0eea02f74325ba46a15a7e644067158,
        type: 3}
      propertyPath: m_LocalPosition.x
      value: 0.16
      objectReference: {fileID: 0}
    - target: {fileID: 7290028675913909494, guid: a0eea02f74325ba46a15a7e644067158,
        type: 3}
      propertyPath: m_LocalPosition.y
      value: -3.369
      objectReference: {fileID: 0}
    - target: {fileID: 7290028675913909494, guid: a0eea02f74325ba46a15a7e644067158,
        type: 3}
      propertyPath: m_LocalPosition.z
      value: 0
      objectReference: {fileID: 0}
    - target: {fileID: 7290028675913909494, guid: a0eea02f74325ba46a15a7e644067158,
        type: 3}
      propertyPath: m_LocalRotation.w
      value: 1
      objectReference: {fileID: 0}
    - target: {fileID: 7290028675913909494, guid: a0eea02f74325ba46a15a7e644067158,
        type: 3}
      propertyPath: m_LocalRotation.x
      value: 0
      objectReference: {fileID: 0}
    - target: {fileID: 7290028675913909494, guid: a0eea02f74325ba46a15a7e644067158,
        type: 3}
      propertyPath: m_LocalRotation.y
      value: 0
      objectReference: {fileID: 0}
    - target: {fileID: 7290028675913909494, guid: a0eea02f74325ba46a15a7e644067158,
        type: 3}
      propertyPath: m_LocalRotation.z
      value: 0
      objectReference: {fileID: 0}
    - target: {fileID: 7290028675913909494, guid: a0eea02f74325ba46a15a7e644067158,
        type: 3}
      propertyPath: m_LocalEulerAnglesHint.x
      value: 0
      objectReference: {fileID: 0}
    - target: {fileID: 7290028675913909494, guid: a0eea02f74325ba46a15a7e644067158,
        type: 3}
      propertyPath: m_LocalEulerAnglesHint.y
      value: 0
      objectReference: {fileID: 0}
    - target: {fileID: 7290028675913909494, guid: a0eea02f74325ba46a15a7e644067158,
        type: 3}
      propertyPath: m_LocalEulerAnglesHint.z
      value: 0
      objectReference: {fileID: 0}
    m_RemovedComponents: []
  m_SourcePrefab: {fileID: 100100000, guid: a0eea02f74325ba46a15a7e644067158, type: 3}
--- !u!4 &1945705306379083002 stripped
Transform:
  m_CorrespondingSourceObject: {fileID: 7290028675913909494, guid: a0eea02f74325ba46a15a7e644067158,
    type: 3}
  m_PrefabInstance: {fileID: 9091618512083081228}
  m_PrefabAsset: {fileID: 0}
--- !u!50 &1945705306379083004 stripped
Rigidbody2D:
  m_CorrespondingSourceObject: {fileID: 7290028675913909488, guid: a0eea02f74325ba46a15a7e644067158,
    type: 3}
  m_PrefabInstance: {fileID: 9091618512083081228}
  m_PrefabAsset: {fileID: 0}
