%YAML 1.1
%TAG !u! tag:unity3d.com,2011:
--- !u!1 &8874798572958737895
GameObject:
  m_ObjectHideFlags: 0
  m_CorrespondingSourceObject: {fileID: 0}
  m_PrefabInstance: {fileID: 0}
  m_PrefabAsset: {fileID: 0}
  serializedVersion: 6
  m_Component:
  - component: {fileID: 8874798572958737892}
  - component: {fileID: 8874798572958737893}
  m_Layer: 0
  m_Name: bush
  m_TagString: Untagged
  m_Icon: {fileID: 0}
  m_NavMeshLayer: 0
  m_StaticEditorFlags: 0
  m_IsActive: 1
--- !u!4 &8874798572958737892
Transform:
  m_ObjectHideFlags: 0
  m_CorrespondingSourceObject: {fileID: 0}
  m_PrefabInstance: {fileID: 0}
  m_PrefabAsset: {fileID: 0}
  m_GameObject: {fileID: 8874798572958737895}
  m_LocalRotation: {x: 0, y: 0, z: 1, w: 0}
  m_LocalPosition: {x: 1.47, y: 26.855099, z: 0}
  m_LocalScale: {x: 7.2671037, y: 4.762193, z: 5.8688693}
  m_Children: []
  m_Father: {fileID: 8874798574057293164}
  m_RootOrder: 2
  m_LocalEulerAnglesHint: {x: 0, y: 0, z: 180}
--- !u!212 &8874798572958737893
SpriteRenderer:
  m_ObjectHideFlags: 0
  m_CorrespondingSourceObject: {fileID: 0}
  m_PrefabInstance: {fileID: 0}
  m_PrefabAsset: {fileID: 0}
  m_GameObject: {fileID: 8874798572958737895}
  m_Enabled: 1
  m_CastShadows: 0
  m_ReceiveShadows: 0
  m_DynamicOccludee: 1
  m_MotionVectors: 1
  m_LightProbeUsage: 1
  m_ReflectionProbeUsage: 1
  m_RayTracingMode: 0
  m_RayTraceProcedural: 0
  m_RenderingLayerMask: 1
  m_RendererPriority: 0
  m_Materials:
  - {fileID: 10754, guid: 0000000000000000f000000000000000, type: 0}
  m_StaticBatchInfo:
    firstSubMesh: 0
    subMeshCount: 0
  m_StaticBatchRoot: {fileID: 0}
  m_ProbeAnchor: {fileID: 0}
  m_LightProbeVolumeOverride: {fileID: 0}
  m_ScaleInLightmap: 1
  m_ReceiveGI: 1
  m_PreserveUVs: 0
  m_IgnoreNormalsForChartDetection: 0
  m_ImportantGI: 0
  m_StitchLightmapSeams: 1
  m_SelectedEditorRenderState: 0
  m_MinimumChartSize: 4
  m_AutoUVMaxDistance: 0.5
  m_AutoUVMaxAngle: 89
  m_LightmapParameters: {fileID: 0}
  m_SortingLayerID: 0
  m_SortingLayer: 0
  m_SortingOrder: 0
  m_Sprite: {fileID: 21300000, guid: 2585d20d18ff0014bae9d6a3823150f2, type: 3}
  m_Color: {r: 1, g: 1, b: 1, a: 1}
  m_FlipX: 0
  m_FlipY: 0
  m_DrawMode: 0
  m_Size: {x: 4.13, y: 1.66}
  m_AdaptiveModeThreshold: 0.5
  m_SpriteTileMode: 0
  m_WasSpriteAssigned: 1
  m_MaskInteraction: 0
  m_SpriteSortPoint: 0
--- !u!1 &8874798574057293167
GameObject:
  m_ObjectHideFlags: 0
  m_CorrespondingSourceObject: {fileID: 0}
  m_PrefabInstance: {fileID: 0}
  m_PrefabAsset: {fileID: 0}
  serializedVersion: 6
  m_Component:
  - component: {fileID: 8874798574057293164}
  - component: {fileID: 8874798574057293160}
  - component: {fileID: 8874798574057293163}
  - component: {fileID: 8874798574057293162}
  - component: {fileID: 8874798574057293142}
  - component: {fileID: 8874798574057293161}
  - component: {fileID: 8874798574057293165}
  m_Layer: 11
  m_Name: Tree with Branch
  m_TagString: Untagged
  m_Icon: {fileID: 0}
  m_NavMeshLayer: 0
  m_StaticEditorFlags: 0
  m_IsActive: 1
--- !u!4 &8874798574057293164
Transform:
  m_ObjectHideFlags: 0
  m_CorrespondingSourceObject: {fileID: 0}
  m_PrefabInstance: {fileID: 0}
  m_PrefabAsset: {fileID: 0}
  m_GameObject: {fileID: 8874798574057293167}
  m_LocalRotation: {x: -0, y: -0, z: -0, w: 1}
  m_LocalPosition: {x: -113.41788, y: 29.040625, z: 0.1}
  m_LocalScale: {x: 1, y: 1, z: 1}
  m_Children:
  - {fileID: 5145318616458781492}
  - {fileID: 5145318616841682949}
  - {fileID: 8874798572958737892}
  - {fileID: 8874798574918676255}
  m_Father: {fileID: 0}
  m_RootOrder: 0
  m_LocalEulerAnglesHint: {x: 0, y: 0, z: 0}
--- !u!33 &8874798574057293160
MeshFilter:
  m_ObjectHideFlags: 0
  m_CorrespondingSourceObject: {fileID: 0}
  m_PrefabInstance: {fileID: 0}
  m_PrefabAsset: {fileID: 0}
  m_GameObject: {fileID: 8874798574057293167}
  m_Mesh: {fileID: 4300000, guid: 808e0d5c45adbd64ab88dddce11efd63, type: 2}
--- !u!23 &8874798574057293163
MeshRenderer:
  m_ObjectHideFlags: 0
  m_CorrespondingSourceObject: {fileID: 0}
  m_PrefabInstance: {fileID: 0}
  m_PrefabAsset: {fileID: 0}
  m_GameObject: {fileID: 8874798574057293167}
  m_Enabled: 1
  m_CastShadows: 1
  m_ReceiveShadows: 1
  m_DynamicOccludee: 1
  m_MotionVectors: 1
  m_LightProbeUsage: 1
  m_ReflectionProbeUsage: 1
  m_RayTracingMode: 2
  m_RayTraceProcedural: 0
  m_RenderingLayerMask: 1
  m_RendererPriority: 0
  m_Materials:
  - {fileID: 2100000, guid: 95c4b794c420eb54fa8e18d3e7fa4c78, type: 2}
  - {fileID: 2100000, guid: 50cf090c5dd332a41860687a376d345f, type: 2}
  m_StaticBatchInfo:
    firstSubMesh: 0
    subMeshCount: 0
  m_StaticBatchRoot: {fileID: 0}
  m_ProbeAnchor: {fileID: 0}
  m_LightProbeVolumeOverride: {fileID: 0}
  m_ScaleInLightmap: 1
  m_ReceiveGI: 1
  m_PreserveUVs: 0
  m_IgnoreNormalsForChartDetection: 0
  m_ImportantGI: 0
  m_StitchLightmapSeams: 1
  m_SelectedEditorRenderState: 0
  m_MinimumChartSize: 4
  m_AutoUVMaxDistance: 0.5
  m_AutoUVMaxAngle: 89
  m_LightmapParameters: {fileID: 0}
  m_SortingLayerID: 0
  m_SortingLayer: 0
  m_SortingOrder: 0
  m_AdditionalVertexStreams: {fileID: 0}
--- !u!114 &8874798574057293162
MonoBehaviour:
  m_ObjectHideFlags: 0
  m_CorrespondingSourceObject: {fileID: 0}
  m_PrefabInstance: {fileID: 0}
  m_PrefabAsset: {fileID: 0}
  m_GameObject: {fileID: 8874798574057293167}
  m_Enabled: 1
  m_EditorHideFlags: 0
  m_Script: {fileID: 11500000, guid: c6f66502d17e51d4aae0b1e16d1903a4, type: 3}
  m_Name: 
  m_EditorClassIdentifier: 
  fillY: 0
  fillZ: 0.05
  invertFillBorder: {x: 0, y: 0}
  splitCorners: 1
  pixelsPerUnit: 64
  vertexColorType: 0
  vertexColor: {r: 0.98039216, g: 0.50980395, b: 0.21568628, a: 1}
  vertexGradient:
    serializedVersion: 2
    key0: {r: 1, g: 1, b: 1, a: 1}
    key1: {r: 1, g: 1, b: 1, a: 1}
    key2: {r: 0, g: 0, b: 0, a: 0}
    key3: {r: 0, g: 0, b: 0, a: 0}
    key4: {r: 0, g: 0, b: 0, a: 0}
    key5: {r: 0, g: 0, b: 0, a: 0}
    key6: {r: 0, g: 0, b: 0, a: 0}
    key7: {r: 0, g: 0, b: 0, a: 0}
    ctime0: 0
    ctime1: 65535
    ctime2: 0
    ctime3: 0
    ctime4: 0
    ctime5: 0
    ctime6: 0
    ctime7: 0
    atime0: 0
    atime1: 65535
    atime2: 0
    atime3: 0
    atime4: 0
    atime5: 0
    atime6: 0
    atime7: 0
    m_Mode: 0
    m_NumColorKeys: 2
    m_NumAlphaKeys: 2
  vertexGradientAngle: 90
  vertexGradientDistance: 4
  createTangents: 0
  uvOffset: {x: 0, y: 0}
  slantAmount: 0
  fillSplit: 0
  fillSplitDistance: 4
  usedByEffector: 0
  isTrigger: 0
  depth: 4
  physicsMaterial: {fileID: 0}
  physicsMaterial2D: {fileID: 0}
  edgeMode: 0
  fillMode: 0
  useSkirt: 0
  colliderMode: 0
  fillCollider: 0
  pathData:
    _points:
    - {x: 3.797882, y: -10.502405}
    - {x: 2.5547714, y: -5.2516155}
    - {x: 2.0309982, y: 0.71401215}
    - {x: 2.3753104, y: 1.9458027}
    - {x: 2.9918823, y: 2.610876}
    - {x: 4.0552216, y: 3.0140152}
    - {x: 8.671875, y: 2.610876}
    - {x: 8.671875, y: 3.0140152}
    - {x: 7.3803177, y: 3.412241}
    - {x: 5.2786407, y: 3.8555298}
    - {x: 3.797882, y: 3.8555298}
    - {x: 2.9918823, y: 3.8555298}
    - {x: 2.0309982, y: 2.7128525}
    - {x: 2.0309982, y: 3.8555298}
    - {x: 1.5043564, y: 11.957689}
    - {x: 4.157913, y: 13.789423}
    - {x: 5.2626038, y: 14.279378}
    - {x: 6.4287186, y: 14.59643}
    - {x: 12.757767, y: 14.5427685}
    - {x: 14.081474, y: 14.59643}
    - {x: 12.757767, y: 14.984064}
    - {x: 4.157913, y: 14.984064}
    - {x: 2.9918823, y: 14.326735}
    - {x: 1.5043564, y: 13.184694}
    - {x: 1.5043564, y: 18.572672}
    - {x: 2.9918823, y: 24.903156}
    - {x: 3.4155273, y: 25.910526}
    - {x: 4.157913, y: 26.685621}
    - {x: 2.9918823, y: 26.685621}
    - {x: 1.5043564, y: 24.126421}
    - {x: 1.0602493, y: 21.493227}
    - {x: 0.431221, y: 19.654123}
    - {x: -0.031066895, y: 21.493227}
    - {x: -0.7738342, y: 24.126421}
    - {x: -1.9691849, y: 26.685621}
    - {x: -3.2672348, y: 26.685621}
    - {x: -1.9691849, y: 24.126421}
    - {x: -0.7738342, y: 17.965876}
    - {x: -0.7738342, y: 14.326735}
    - {x: -1.2241364, y: 9.498922}
    - {x: -3.9755173, y: 11.124582}
    - {x: -6.6563644, y: 11.957689}
    - {x: -7.917473, y: 11.957689}
    - {x: -6.1254883, y: 11.124582}
    - {x: -4.7183, y: 10.476244}
    - {x: -1.2241364, y: 8.336672}
    - {x: -1.486496, y: 0.71401215}
    - {x: -1.905571, y: -4.7108936}
    - {x: -2.6570358, y: -10.502405}
    _pointControls:
    - radius: 1
      controlNext: {x: 0, y: 0}
      controlPrev: {x: 0, y: 0}
      type: 4
    - radius: 1
      controlNext: {x: -0.31807035, y: 1.9706889}
      controlPrev: {x: 0.28659347, y: -1.7756656}
      type: 2
    - radius: 1
      controlNext: {x: 0, y: 0}
      controlPrev: {x: 0, y: 0}
      type: 5
    - radius: 1
      controlNext: {x: 0.14759564, y: 0.263823}
      controlPrev: {x: -0.20815308, y: -0.37206772}
      type: 2
    - radius: 1
      controlNext: {x: 0.314388, y: 0.21177898}
      controlPrev: {x: -0.2507234, y: -0.168893}
      type: 2
    - radius: 1
      controlNext: {x: 1.5301312, y: 0.21194804}
      controlPrev: {x: -0.37547985, y: -0.05201006}
      type: 2
    - radius: 1
      controlNext: {x: 0, y: 0}
      controlPrev: {x: 0, y: 0}
      type: 4
    - radius: 1
      controlNext: {x: -0.2675485, y: 0.3624706}
      controlPrev: {x: 0.07980376, y: -0.1081169}
      type: 2
    - radius: 1
      controlNext: {x: -0.6930945, y: 0.17954606}
      controlPrev: {x: 0.4361229, y: -0.1129776}
      type: 2
    - radius: 1
      controlNext: {x: -0.49092248, y: 0.051209692}
      controlPrev: {x: 0.7121087, y: -0.07428233}
      type: 2
    - radius: 1
      controlNext: {x: -0.2686666, y: 0}
      controlPrev: {x: 0.4935862, y: -0}
      type: 2
    - radius: 1
      controlNext: {x: -0.45114648, y: -0.21008231}
      controlPrev: {x: 0.24355471, y: 0.11341446}
      type: 2
    - radius: 1.4033896
      controlNext: {x: 0, y: 0}
      controlPrev: {x: 0, y: 0}
      type: 5
    - radius: 1
      controlNext: {x: -0.087819874, y: 2.704994}
      controlPrev: {x: 0.012359478, y: -0.38069186}
      type: 2
    - radius: 1
      controlNext: {x: 0, y: 0}
      controlPrev: {x: 0, y: 0}
      type: 5
    - radius: 1
      controlNext: {x: 0.35140052, y: 0.19693655}
      controlPrev: {x: -0.9375898, y: -0.5254565}
      type: 2
    - radius: 1
      controlNext: {x: 0.37955973, y: 0.13488899}
      controlPrev: {x: -0.37956643, y: -0.13489138}
      type: 2
    - radius: 1
      controlNext: {x: 2.092365, y: 0.27034983}
      controlPrev: {x: -0.39949492, y: -0.05161785}
      type: 2
    - radius: 1
      controlNext: {x: 0.44154158, y: 0.0070736837}
      controlPrev: {x: -2.1094878, y: -0.03379489}
      type: 2
    - radius: 1
      controlNext: {x: 0.056034308, y: 0.45633855}
      controlPrev: {x: -0.053820115, y: -0.43830633}
      type: 2
    - radius: 1
      controlNext: {x: -2.8375874, y: 0.4069345}
      controlPrev: {x: 0.4551098, y: -0.065266676}
      type: 2
    - radius: 1
      controlNext: {x: -0.4315668, y: -0.11326521}
      controlPrev: {x: 2.7727146, y: 0.72770214}
      type: 2
    - radius: 1
      controlNext: {x: -0.5215011, y: -0.34469283}
      controlPrev: {x: 0.37222338, y: 0.24602576}
      type: 2
    - radius: 1
      controlNext: {x: 0, y: 0}
      controlPrev: {x: 0, y: 0}
      type: 5
    - radius: 1
      controlNext: {x: 0.24958088, y: 2.1532185}
      controlPrev: {x: -0.20679009, y: -1.784048}
      type: 2
    - radius: 1
      controlNext: {x: 0.11266508, y: 0.34641477}
      controlPrev: {x: -0.6704178, y: -2.0613542}
      type: 2
    - radius: 1
      controlNext: {x: 0.19634919, y: 0.29906}
      controlPrev: {x: -0.19992687, y: -0.3045092}
      type: 2
    - radius: 1
      controlNext: {x: 0, y: 0}
      controlPrev: {x: 0, y: 0}
      type: 4
    - radius: 1
      controlNext: {x: 0, y: 0}
      controlPrev: {x: 0, y: 0}
      type: 4
    - radius: 1
      controlNext: {x: -0.30254573, y: -0.8371337}
      controlPrev: {x: 0.33537075, y: 0.9279594}
      type: 2
    - radius: 1
      controlNext: {x: 0, y: 0}
      controlPrev: {x: 0, y: 0}
      type: 4
    - radius: 1
      controlNext: {x: 0, y: 0}
      controlPrev: {x: 0, y: 0}
      type: 4
    - radius: 1
      controlNext: {x: 0, y: 0}
      controlPrev: {x: 0, y: 0}
      type: 4
    - radius: 1
      controlNext: {x: -0.32810712, y: 0.8825142}
      controlPrev: {x: 0.3178092, y: -0.8548157}
      type: 2
    - radius: 1
      controlNext: {x: 0, y: 0}
      controlPrev: {x: 0, y: 0}
      type: 4
    - radius: 1
      controlNext: {x: 0, y: 0}
      controlPrev: {x: 0, y: 0}
      type: 4
    - radius: 1
      controlNext: {x: 0.6788767, y: -1.9785886}
      controlPrev: {x: -0.31042996, y: 0.90474916}
      type: 2
    - radius: 1
      controlNext: {x: 0, y: 0}
      controlPrev: {x: 0, y: 0}
      type: 4
    - radius: 1
      controlNext: {x: -0.07513157, y: -1.6145085}
      controlPrev: {x: 0.056388438, y: 1.2117356}
      type: 2
    - radius: 1
      controlNext: {x: 0, y: 0}
      controlPrev: {x: 0, y: 0}
      type: 4
    - radius: 1
      controlNext: {x: 0, y: 0}
      controlPrev: {x: 0, y: 0}
      type: 4
    - radius: 1
      controlNext: {x: 0, y: 0}
      controlPrev: {x: 0, y: 0}
      type: 4
    - radius: 1
      controlNext: {x: 0, y: 0}
      controlPrev: {x: 0, y: 0}
      type: 4
    - radius: 1
      controlNext: {x: 0, y: 0}
      controlPrev: {x: 0, y: 0}
      type: 4
    - radius: 0.6382025
      controlNext: {x: 1.2046491, y: -0.64345735}
      controlPrev: {x: -0.45554098, y: 0.24332498}
      type: 2
    - radius: 1
      controlNext: {x: 0, y: 0}
      controlPrev: {x: 0, y: 0}
      type: 5
    - radius: 1
      controlNext: {x: -0.10106253, y: -1.8108716}
      controlPrev: {x: 0.14166729, y: 2.538441}
      type: 2
    - radius: 1
      controlNext: {x: -0.20027928, y: -1.9363569}
      controlPrev: {x: 0.18659626, y: 1.8040653}
      type: 2
    - radius: 1
      controlNext: {x: 0, y: 0}
      controlPrev: {x: 0, y: 0}
      type: 4
    _closed: 1
    _splitDistance: 1
    _data:
    - directionOverride: 1
      cutOverrides: 
      scale: 1
    - directionOverride: 1
      cutOverrides: 
      scale: 0.670465
    - directionOverride: 1
      cutOverrides: 
      scale: 0.58130425
    - directionOverride: 1
      cutOverrides: 
      scale: 0.4931221
    - directionOverride: 1
      cutOverrides: 
      scale: 0.5
    - directionOverride: 1
      cutOverrides: 
      scale: 0.6814145
    - directionOverride: 1
      cutOverrides: 
      scale: 0.5
    - directionOverride: 1
      cutOverrides: 
      scale: 0.3602805
    - directionOverride: 1
      cutOverrides: 
      scale: 1
    - directionOverride: 1
      cutOverrides: 
      scale: 0.541695
    - directionOverride: 1
      cutOverrides: 
      scale: 0.541695
    - directionOverride: 1
      cutOverrides: 
      scale: 0.5254067
    - directionOverride: 1
      cutOverrides: 
      scale: 0.31858552
    - directionOverride: 1
      cutOverrides: 
      scale: 1
    - directionOverride: 1
      cutOverrides: 
      scale: 0.73553085
    - directionOverride: 1
      cutOverrides: 
      scale: 0.7952552
    - directionOverride: 1
      cutOverrides: 
      scale: 1
    - directionOverride: 1
      cutOverrides: 
      scale: 0.7952552
    - directionOverride: 1
      cutOverrides: 
      scale: 0.7952552
    - directionOverride: 1
      cutOverrides: 
      scale: 0.80714756
    - directionOverride: 1
      cutOverrides: 
      scale: 1
    - directionOverride: 1
      cutOverrides: 
      scale: 0.7952552
    - directionOverride: 1
      cutOverrides: 
      scale: 0.7952552
    - directionOverride: 1
      cutOverrides: 
      scale: 1
    - directionOverride: 1
      cutOverrides: 
      scale: 1
    - directionOverride: 1
      cutOverrides: 
      scale: 0.8185855
    - directionOverride: 1
      cutOverrides: 
      scale: 0.5291231
    - directionOverride: 1
      cutOverrides: 
      scale: 0.5314761
    - directionOverride: 1
      cutOverrides: 
      scale: 0.8185855
    - directionOverride: 1
      cutOverrides: 
      scale: 1
    - directionOverride: 1
      cutOverrides: 
      scale: 1
    - directionOverride: 1
      cutOverrides: 
      scale: 1
    - directionOverride: 1
      cutOverrides: 
      scale: 0.8185855
    - directionOverride: 1
      cutOverrides: 
      scale: 1
    - directionOverride: 1
      cutOverrides: 
      scale: 0.5
    - directionOverride: 100
      cutOverrides: 
      scale: 0.5644179
    - directionOverride: 100
      cutOverrides: 
      scale: 0.6024304
    - directionOverride: 1
      cutOverrides: 
      scale: 1
    - directionOverride: 1
      cutOverrides: 
      scale: 1
    - directionOverride: 1
      cutOverrides: 
      scale: 1
    - directionOverride: 1
      cutOverrides: 
      scale: 1
    - directionOverride: 1
      cutOverrides: 
      scale: 1
    - directionOverride: 1
      cutOverrides: 
      scale: 1
    - directionOverride: 1
      cutOverrides: 
      scale: 1
    - directionOverride: 1
      cutOverrides: 
      scale: 1
    - directionOverride: 1
      cutOverrides: 
      scale: 0.6741208
    - directionOverride: 1
      cutOverrides: 
      scale: 0.8185855
    - directionOverride: 1
      cutOverrides: 
      scale: 0.6387679
    - directionOverride: 1
      cutOverrides: 
      scale: 1
  terrainMaterial: {fileID: 0}
  terrainMaterialInterface: {fileID: 11400000, guid: d6713e6d2ac92824a82f475698bc61f8,
    type: 2}
  fill: 0
  smoothPath: 0
  splitCount: 4
  splitDist: 1
  splitMiddle: 1
  randomByWorldCoordinates: 0
  createCollider: 1
  create3DCollider: 0
  sharpCorners: 0
  sharpCornerDistance: 2
  smoothSphereCollisions: 0
  surfaceOffset:
  - 0
  - 0
  - 0
  - 0
  useEdgeCollider: 0
  colliderThickness: 0.1
  collidersLeft: 1
  collidersRight: 1
  collidersTop: 1
  collidersBottom: 1
  directionOverrides: 
  cutOverrides: []
  vertScales: []
--- !u!68 &8874798574057293142
EdgeCollider2D:
  m_ObjectHideFlags: 0
  m_CorrespondingSourceObject: {fileID: 0}
  m_PrefabInstance: {fileID: 0}
  m_PrefabAsset: {fileID: 0}
  m_GameObject: {fileID: 8874798574057293167}
  m_Enabled: 1
  m_Density: 1
  m_Material: {fileID: 0}
  m_IsTrigger: 0
  m_UsedByEffector: 0
  m_UsedByComposite: 0
  m_Offset: {x: 0, y: 0}
  m_EdgeRadius: 0
  m_Points:
  - {x: 2.1292152, y: 4.515312}
  - {x: 2.1942902, y: 3.9467487}
  - {x: 2.109871, y: 3.0654278}
  - {x: 2.9754639, y: 3.9582367}
  - {x: 5.2501907, y: 3.9595566}
  - {x: 6.41761, y: 3.7597408}
  - {x: 7.2134933, y: 3.6586094}
  - {x: 8.703724, y: 3.0801983}
  m_AdjacentStartPoint: {x: 0, y: 0}
  m_AdjacentEndPoint: {x: 0, y: 0}
  m_UseAdjacentStartPoint: 0
  m_UseAdjacentEndPoint: 0
--- !u!68 &8874798574057293161
EdgeCollider2D:
  m_ObjectHideFlags: 0
  m_CorrespondingSourceObject: {fileID: 0}
  m_PrefabInstance: {fileID: 0}
  m_PrefabAsset: {fileID: 0}
  m_GameObject: {fileID: 8874798574057293167}
  m_Enabled: 1
  m_Density: 1
  m_Material: {fileID: 0}
  m_IsTrigger: 0
  m_UsedByEffector: 0
  m_UsedByComposite: 0
  m_Offset: {x: 0, y: 0}
  m_EdgeRadius: 0
  m_Points:
  - {x: -8.639553, y: 12.150793}
  - {x: -7.248375, y: 12.255983}
  - {x: -5.542595, y: 11.842363}
  - {x: -3.6438217, y: 11.205835}
  - {x: -1.3379517, y: 9.724943}
  - {x: -1.3242722, y: 9.997061}
  - {x: -1.2456512, y: 10.447813}
  - {x: -1.2150002, y: 10.844742}
  m_AdjacentStartPoint: {x: 0, y: 0}
  m_AdjacentEndPoint: {x: 0, y: 0}
  m_UseAdjacentStartPoint: 0
  m_UseAdjacentEndPoint: 0
--- !u!68 &8874798574057293165
EdgeCollider2D:
  m_ObjectHideFlags: 0
  m_CorrespondingSourceObject: {fileID: 0}
  m_PrefabInstance: {fileID: 0}
  m_PrefabAsset: {fileID: 0}
  m_GameObject: {fileID: 8874798574057293167}
  m_Enabled: 1
  m_Density: 1
  m_Material: {fileID: 0}
  m_IsTrigger: 0
  m_UsedByEffector: 0
  m_UsedByComposite: 0
  m_Offset: {x: 0, y: 0}
  m_EdgeRadius: 0
  m_Points:
  - {x: 1.624897, y: 14.085049}
  - {x: 1.639801, y: 13.660215}
  - {x: 1.7584381, y: 13.627962}
  - {x: 1.8866196, y: 13.63872}
  - {x: 2.1358337, y: 13.794317}
  - {x: 2.7852402, y: 14.367666}
  - {x: 4.0541763, y: 15.089823}
  - {x: 5.8111343, y: 15.421118}
  - {x: 7.9148407, y: 15.550791}
  - {x: 11.018608, y: 15.3366375}
  - {x: 12.693237, y: 15.147379}
  - {x: 13.397461, y: 14.929293}
  - {x: 13.856651, y: 14.79022}
  - {x: 14.160229, y: 14.686134}
  m_AdjacentStartPoint: {x: 0, y: 0}
  m_AdjacentEndPoint: {x: 0, y: 0}
  m_UseAdjacentStartPoint: 0
  m_UseAdjacentEndPoint: 0
--- !u!1 &8874798574918676254
GameObject:
  m_ObjectHideFlags: 0
  m_CorrespondingSourceObject: {fileID: 0}
  m_PrefabInstance: {fileID: 0}
  m_PrefabAsset: {fileID: 0}
  serializedVersion: 6
  m_Component:
  - component: {fileID: 8874798574918676255}
  - component: {fileID: 8874798574918676252}
  m_Layer: 0
  m_Name: bush_2
  m_TagString: Untagged
  m_Icon: {fileID: 0}
  m_NavMeshLayer: 0
  m_StaticEditorFlags: 0
  m_IsActive: 1
--- !u!4 &8874798574918676255
Transform:
  m_ObjectHideFlags: 0
  m_CorrespondingSourceObject: {fileID: 0}
  m_PrefabInstance: {fileID: 0}
  m_PrefabAsset: {fileID: 0}
  m_GameObject: {fileID: 8874798574918676254}
  m_LocalRotation: {x: 0, y: 0, z: 0, w: 1}
  m_LocalPosition: {x: 1.555397, y: 34.02, z: 0}
  m_LocalScale: {x: 4.6336503, y: 3.0364695, z: 3.7421083}
  m_Children: []
  m_Father: {fileID: 8874798574057293164}
  m_RootOrder: 3
  m_LocalEulerAnglesHint: {x: 0, y: 0, z: 0}
--- !u!212 &8874798574918676252
SpriteRenderer:
  m_ObjectHideFlags: 0
  m_CorrespondingSourceObject: {fileID: 0}
  m_PrefabInstance: {fileID: 0}
  m_PrefabAsset: {fileID: 0}
  m_GameObject: {fileID: 8874798574918676254}
  m_Enabled: 1
  m_CastShadows: 0
  m_ReceiveShadows: 0
  m_DynamicOccludee: 1
  m_MotionVectors: 1
  m_LightProbeUsage: 1
  m_ReflectionProbeUsage: 1
  m_RayTracingMode: 0
  m_RayTraceProcedural: 0
  m_RenderingLayerMask: 1
  m_RendererPriority: 0
  m_Materials:
  - {fileID: 10754, guid: 0000000000000000f000000000000000, type: 0}
  m_StaticBatchInfo:
    firstSubMesh: 0
    subMeshCount: 0
  m_StaticBatchRoot: {fileID: 0}
  m_ProbeAnchor: {fileID: 0}
  m_LightProbeVolumeOverride: {fileID: 0}
  m_ScaleInLightmap: 1
  m_ReceiveGI: 1
  m_PreserveUVs: 0
  m_IgnoreNormalsForChartDetection: 0
  m_ImportantGI: 0
  m_StitchLightmapSeams: 1
  m_SelectedEditorRenderState: 0
  m_MinimumChartSize: 4
  m_AutoUVMaxDistance: 0.5
  m_AutoUVMaxAngle: 89
  m_LightmapParameters: {fileID: 0}
  m_SortingLayerID: 0
  m_SortingLayer: 0
  m_SortingOrder: 0
  m_Sprite: {fileID: 21300000, guid: 8246ff9a469676647a4cf27a17623213, type: 3}
  m_Color: {r: 1, g: 1, b: 1, a: 1}
  m_FlipX: 0
  m_FlipY: 0
  m_DrawMode: 0
  m_Size: {x: 6.63, y: 2.14}
  m_AdaptiveModeThreshold: 0.5
  m_SpriteTileMode: 0
  m_WasSpriteAssigned: 1
  m_MaskInteraction: 0
  m_SpriteSortPoint: 0
--- !u!1001 &8874798573490159634
PrefabInstance:
  m_ObjectHideFlags: 0
  serializedVersion: 2
  m_Modification:
    m_TransformParent: {fileID: 8874798574057293164}
    m_Modifications:
    - target: {fileID: 4345487988801446693, guid: c14dac5a421415f4794924f1ef70e5b6,
        type: 3}
      propertyPath: m_Color.b
      value: 1
      objectReference: {fileID: 0}
    - target: {fileID: 4345487988801446693, guid: c14dac5a421415f4794924f1ef70e5b6,
        type: 3}
      propertyPath: m_Color.g
      value: 1
      objectReference: {fileID: 0}
    - target: {fileID: 4345487988801446693, guid: c14dac5a421415f4794924f1ef70e5b6,
        type: 3}
      propertyPath: m_Color.r
      value: 1
      objectReference: {fileID: 0}
    - target: {fileID: 4345487988801446693, guid: c14dac5a421415f4794924f1ef70e5b6,
        type: 3}
      propertyPath: m_SortingOrder
      value: 0
      objectReference: {fileID: 0}
    - target: {fileID: 4345487988801446694, guid: c14dac5a421415f4794924f1ef70e5b6,
        type: 3}
      propertyPath: m_RootOrder
      value: 0
      objectReference: {fileID: 0}
    - target: {fileID: 4345487988801446694, guid: c14dac5a421415f4794924f1ef70e5b6,
        type: 3}
      propertyPath: m_LocalScale.x
      value: 3.7987006
      objectReference: {fileID: 0}
    - target: {fileID: 4345487988801446694, guid: c14dac5a421415f4794924f1ef70e5b6,
        type: 3}
      propertyPath: m_LocalScale.y
      value: 3.7987006
      objectReference: {fileID: 0}
    - target: {fileID: 4345487988801446694, guid: c14dac5a421415f4794924f1ef70e5b6,
        type: 3}
      propertyPath: m_LocalScale.z
      value: 1.2662336
      objectReference: {fileID: 0}
    - target: {fileID: 4345487988801446694, guid: c14dac5a421415f4794924f1ef70e5b6,
        type: 3}
      propertyPath: m_LocalPosition.x
      value: -0.47
      objectReference: {fileID: 0}
    - target: {fileID: 4345487988801446694, guid: c14dac5a421415f4794924f1ef70e5b6,
        type: 3}
      propertyPath: m_LocalPosition.y
      value: 26.07
      objectReference: {fileID: 0}
    - target: {fileID: 4345487988801446694, guid: c14dac5a421415f4794924f1ef70e5b6,
        type: 3}
      propertyPath: m_LocalPosition.z
      value: 0
      objectReference: {fileID: 0}
    - target: {fileID: 4345487988801446694, guid: c14dac5a421415f4794924f1ef70e5b6,
        type: 3}
      propertyPath: m_LocalRotation.w
      value: 1
      objectReference: {fileID: 0}
    - target: {fileID: 4345487988801446694, guid: c14dac5a421415f4794924f1ef70e5b6,
        type: 3}
      propertyPath: m_LocalRotation.x
      value: -0
      objectReference: {fileID: 0}
    - target: {fileID: 4345487988801446694, guid: c14dac5a421415f4794924f1ef70e5b6,
        type: 3}
      propertyPath: m_LocalRotation.y
      value: -0
      objectReference: {fileID: 0}
    - target: {fileID: 4345487988801446694, guid: c14dac5a421415f4794924f1ef70e5b6,
        type: 3}
      propertyPath: m_LocalRotation.z
      value: -0
      objectReference: {fileID: 0}
    - target: {fileID: 4345487988801446694, guid: c14dac5a421415f4794924f1ef70e5b6,
        type: 3}
      propertyPath: m_LocalEulerAnglesHint.x
      value: 0
      objectReference: {fileID: 0}
    - target: {fileID: 4345487988801446694, guid: c14dac5a421415f4794924f1ef70e5b6,
        type: 3}
      propertyPath: m_LocalEulerAnglesHint.y
      value: 0
      objectReference: {fileID: 0}
    - target: {fileID: 4345487988801446694, guid: c14dac5a421415f4794924f1ef70e5b6,
        type: 3}
      propertyPath: m_LocalEulerAnglesHint.z
      value: 0
      objectReference: {fileID: 0}
    - target: {fileID: 4345487988801446695, guid: c14dac5a421415f4794924f1ef70e5b6,
        type: 3}
      propertyPath: m_Name
      value: Liana1
      objectReference: {fileID: 0}
    m_RemovedComponents: []
  m_SourcePrefab: {fileID: 100100000, guid: c14dac5a421415f4794924f1ef70e5b6, type: 3}
--- !u!4 &5145318616458781492 stripped
Transform:
  m_CorrespondingSourceObject: {fileID: 4345487988801446694, guid: c14dac5a421415f4794924f1ef70e5b6,
    type: 3}
  m_PrefabInstance: {fileID: 8874798573490159634}
  m_PrefabAsset: {fileID: 0}
--- !u!1001 &8874798573610410787
PrefabInstance:
  m_ObjectHideFlags: 0
  serializedVersion: 2
  m_Modification:
    m_TransformParent: {fileID: 8874798574057293164}
    m_Modifications:
    - target: {fileID: 4345487988801446693, guid: c14dac5a421415f4794924f1ef70e5b6,
        type: 3}
      propertyPath: m_Color.b
      value: 1
      objectReference: {fileID: 0}
    - target: {fileID: 4345487988801446693, guid: c14dac5a421415f4794924f1ef70e5b6,
        type: 3}
      propertyPath: m_Color.g
      value: 1
      objectReference: {fileID: 0}
    - target: {fileID: 4345487988801446693, guid: c14dac5a421415f4794924f1ef70e5b6,
        type: 3}
      propertyPath: m_Color.r
      value: 1
      objectReference: {fileID: 0}
    - target: {fileID: 4345487988801446693, guid: c14dac5a421415f4794924f1ef70e5b6,
        type: 3}
      propertyPath: m_SortingOrder
      value: 0
      objectReference: {fileID: 0}
    - target: {fileID: 4345487988801446694, guid: c14dac5a421415f4794924f1ef70e5b6,
        type: 3}
      propertyPath: m_RootOrder
      value: 1
      objectReference: {fileID: 0}
    - target: {fileID: 4345487988801446694, guid: c14dac5a421415f4794924f1ef70e5b6,
        type: 3}
      propertyPath: m_LocalScale.x
      value: 2.4877803
      objectReference: {fileID: 0}
    - target: {fileID: 4345487988801446694, guid: c14dac5a421415f4794924f1ef70e5b6,
        type: 3}
      propertyPath: m_LocalScale.y
      value: 2.4877803
      objectReference: {fileID: 0}
    - target: {fileID: 4345487988801446694, guid: c14dac5a421415f4794924f1ef70e5b6,
        type: 3}
      propertyPath: m_LocalScale.z
      value: 0.8292602
      objectReference: {fileID: 0}
    - target: {fileID: 4345487988801446694, guid: c14dac5a421415f4794924f1ef70e5b6,
        type: 3}
      propertyPath: m_LocalPosition.x
      value: 7.25
      objectReference: {fileID: 0}
    - target: {fileID: 4345487988801446694, guid: c14dac5a421415f4794924f1ef70e5b6,
        type: 3}
      propertyPath: m_LocalPosition.y
      value: 15.37
      objectReference: {fileID: 0}
    - target: {fileID: 4345487988801446694, guid: c14dac5a421415f4794924f1ef70e5b6,
        type: 3}
      propertyPath: m_LocalPosition.z
      value: 1
      objectReference: {fileID: 0}
    - target: {fileID: 4345487988801446694, guid: c14dac5a421415f4794924f1ef70e5b6,
        type: 3}
      propertyPath: m_LocalRotation.w
      value: 1
      objectReference: {fileID: 0}
    - target: {fileID: 4345487988801446694, guid: c14dac5a421415f4794924f1ef70e5b6,
        type: 3}
      propertyPath: m_LocalRotation.x
      value: -0
      objectReference: {fileID: 0}
    - target: {fileID: 4345487988801446694, guid: c14dac5a421415f4794924f1ef70e5b6,
        type: 3}
      propertyPath: m_LocalRotation.y
      value: -0
      objectReference: {fileID: 0}
    - target: {fileID: 4345487988801446694, guid: c14dac5a421415f4794924f1ef70e5b6,
        type: 3}
      propertyPath: m_LocalRotation.z
      value: -0
      objectReference: {fileID: 0}
    - target: {fileID: 4345487988801446694, guid: c14dac5a421415f4794924f1ef70e5b6,
        type: 3}
      propertyPath: m_LocalEulerAnglesHint.x
      value: 0
      objectReference: {fileID: 0}
    - target: {fileID: 4345487988801446694, guid: c14dac5a421415f4794924f1ef70e5b6,
        type: 3}
      propertyPath: m_LocalEulerAnglesHint.y
      value: 0
      objectReference: {fileID: 0}
    - target: {fileID: 4345487988801446694, guid: c14dac5a421415f4794924f1ef70e5b6,
        type: 3}
      propertyPath: m_LocalEulerAnglesHint.z
      value: 0
      objectReference: {fileID: 0}
    - target: {fileID: 4345487988801446695, guid: c14dac5a421415f4794924f1ef70e5b6,
        type: 3}
      propertyPath: m_Name
      value: Liana1 (1)
      objectReference: {fileID: 0}
    m_RemovedComponents: []
  m_SourcePrefab: {fileID: 100100000, guid: c14dac5a421415f4794924f1ef70e5b6, type: 3}
--- !u!4 &5145318616841682949 stripped
Transform:
  m_CorrespondingSourceObject: {fileID: 4345487988801446694, guid: c14dac5a421415f4794924f1ef70e5b6,
    type: 3}
  m_PrefabInstance: {fileID: 8874798573610410787}
  m_PrefabAsset: {fileID: 0}
